TradeID,Price,Quantity,Timestamp,Is_Sell_Order
2661523430,3200.47,0.101,1765422120916,True
2661523431,3200.46,0.061,1765422120916,True
2661523432,3200.45,0.042,1765422120916,True
2661523433,3200.44,0.199,1765422120916,True
2661523434,3200.43,0.021,1765422120916,True
2661523435,3200.42,0.043,1765422120916,True
2661523436,3200.40,0.557,1765422120916,True
2661523437,3200.39,0.240,1765422120916,True
2661523438,3200.38,0.128,1765422120916,True
2661523439,3200.37,0.042,1765422120916,True
2661523440,3200.36,1.244,1765422120916,True
2661523441,3200.35,0.490,1765422120916,True
2661523442,3200.34,0.382,1765422120916,True
2661523443,3200.33,0.993,1765422120916,True
2661523444,3200.32,1.549,1765422120916,True
2661523445,3200.31,94.127,1765422120916,True
2661523446,3200.30,1.628,1765422120916,True
2661523447,3200.29,0.021,1765422120916,True
2661523448,3200.28,0.624,1765422120916,True
2661523449,3200.27,7.505,1765422120916,True
2661523450,3200.26,3.094,1765422120916,True
2661523451,3200.25,0.059,1765422120916,True
2661523452,3200.24,1.679,1765422120916,True
2661523453,3200.23,1.567,1765422120916,True
2661523454,3200.22,6.480,1765422120916,True
2661523455,3200.21,0.015,1765422120916,True
2661523456,3200.20,4.144,1765422120916,True
2661523457,3200.19,0.547,1765422120916,True
2661523458,3200.18,1.050,1765422120916,True
2661523459,3200.17,0.178,1765422120916,True
2661523460,3200.16,2.400,1765422120916,True
2661523461,3200.15,5.019,1765422120916,True
2661523462,3200.14,0.015,1765422120916,True
2661523463,3200.13,0.208,1765422120916,True
2661523464,3200.12,2.717,1765422120916,True
2661523465,3200.11,0.400,1765422120916,True
2661523466,3200.10,0.745,1765422120916,True
2661523467,3200.09,8.625,1765422120916,True
2661523468,3200.08,21.568,1765422120916,True
2661523469,3200.07,3.420,1765422120916,True
2661523470,3200.06,11.007,1765422120916,True
2661523471,3200.05,0.185,1765422120916,True
2661523472,3200.04,8.528,1765422120916,True
2661523473,3200.03,7.833,1765422120916,True
2661523474,3200.02,4.459,1765422120916,True
2661523475,3200.01,252.157,1765422120916,True
2661523476,3200.00,108.326,1765422120916,True
2661523477,3200.68,95.661,1765422120918,False
2661523478,3200.69,8.840,1765422120918,False
2661523479,3200.67,0.013,1765422120922,True
2661523480,3200.12,0.007,1765422120923,True
2661523481,3200.05,0.062,1765422120923,True
2661523482,3200.00,0.027,1765422120923,True
2661523483,3200.67,0.104,1765422120941,False
2661523484,3200.66,0.024,1765422120948,True
2661523485,3200.67,0.430,1765422120953,False
2661523486,3200.66,1.000,1765422120957,True
2661523487,3200.67,4.363,1765422120957,False
2661523488,3200.66,25.178,1765422120957,True
2661523489,3200.61,4.327,1765422120957,True
2661523490,3200.53,0.036,1765422120957,True
2661523491,3200.45,0.036,1765422120957,True
2661523492,3200.42,0.009,1765422120957,True
2661523493,3200.37,0.007,1765422120957,True
2661523494,3200.35,0.036,1765422120957,True
2661523495,3200.30,0.912,1765422120957,True
2661523496,3200.67,3.892,1765422120957,False
2661523497,3200.30,1.308,1765422120957,True
2661523498,3200.29,2.835,1765422120957,True
2661523499,3200.53,0.157,1765422120957,False
2661523500,3200.29,0.149,1765422120957,True
2661523501,3200.25,0.036,1765422120957,True
2661523502,3200.20,0.016,1765422120957,True
2661523503,3200.18,0.864,1765422120957,True
2661523504,3200.51,0.013,1765422120957,False
2661523505,3200.18,1.884,1765422120957,True
2661523506,3200.51,0.146,1765422120957,False
2661523507,3200.29,0.641,1765422120957,True
2661523508,3200.51,4.841,1765422120958,False
2661523509,3200.53,0.218,1765422120958,False
2661523510,3200.29,0.438,1765422120958,True
2661523511,3200.53,0.029,1765422120958,False
2661523512,3200.29,1.261,1765422120958,True
2661523513,3200.18,0.236,1765422120958,True
2661523514,3200.17,0.933,1765422120958,True
2661523515,3200.53,0.093,1765422120958,False
2661523516,3200.17,0.067,1765422120958,True
2661523517,3200.14,0.036,1765422120958,True
2661523518,3200.10,0.024,1765422120958,True
2661523519,3200.53,0.075,1765422120958,False
2661523520,3200.10,10.000,1765422120958,True
2661523521,3200.53,1.038,1765422120958,False
2661523522,3200.10,0.347,1765422120958,True
2661523523,3200.48,1.713,1765422120958,False
2661523524,3200.10,9.629,1765422120958,True
2661523525,3200.09,1.121,1765422120958,True
2661523526,3200.48,0.609,1765422120958,False
2661523527,3200.13,0.100,1765422120958,True
2661523528,3200.48,2.678,1765422120958,False
2661523529,3200.53,5.890,1765422120958,False
2661523530,3200.55,5.000,1765422120958,False
2661523531,3200.65,0.826,1765422120958,False
2661523532,3200.67,45.821,1765422120958,False
2661523533,3200.13,0.524,1765422120959,True
2661523534,3200.09,0.366,1765422120959,True
2661523535,3200.67,10.286,1765422120959,False
2661523536,3200.09,0.744,1765422120959,True
2661523537,3200.08,0.834,1765422120959,True
2661523538,3200.61,0.364,1765422120959,False
2661523539,3200.08,2.082,1765422120959,True
2661523540,3200.05,0.140,1765422120959,True
2661523541,3200.04,0.311,1765422120959,True
2661523542,3200.03,2.467,1765422120959,True
2661523543,3200.61,0.148,1765422120959,False
2661523544,3200.03,0.375,1765422120959,True
2661523545,3200.02,6.011,1765422120959,True
2661523546,3200.61,0.507,1765422120959,False
2661523547,3200.02,3.030,1765422120959,True
2661523548,3200.01,2.175,1765422120959,True
2661523549,3200.00,3.443,1765422120959,True
2661523550,3200.52,2.256,1765422120959,False
2661523551,3200.38,4.318,1765422120960,True
2661523552,3200.00,5.526,1765422120960,True
2661523553,3200.38,0.757,1765422120960,False
2661523554,3200.00,0.233,1765422120960,True
2661523555,3200.25,0.007,1765422120960,True
2661523556,3200.01,0.729,1765422120960,True
2661523557,3200.15,2.031,1765422120960,True
2661523558,3200.01,0.546,1765422120960,True
2661523559,3200.00,4.610,1765422120960,True
2661523560,3200.38,1.000,1765422120960,False
2661523561,3200.00,3.000,1765422120960,True
2661523562,3200.38,0.548,1765422120960,False
2661523563,3200.52,4.890,1765422120960,False
2661523564,3200.58,0.826,1765422120960,False
2661523565,3200.61,12.717,1765422120960,False
2661523566,3200.00,2.770,1765422120960,True
2661523567,3200.05,0.007,1765422120960,True
2661523568,3200.00,12.067,1765422120960,True
2661523569,3200.40,0.007,1765422120961,True
2661523570,3200.25,2.340,1765422120961,True
2661523571,3200.10,0.007,1765422120961,True
2661523572,3200.00,32.977,1765422120961,True
2661523573,3200.01,0.098,1765422120962,False
2661523574,3200.00,36.816,1765422120962,True
2661523575,3200.01,0.280,1765422120973,False
2661523576,3200.00,6.139,1765422120974,True
2661523577,3200.01,0.167,1765422120983,False
2661523578,3200.00,0.067,1765422120995,True
2661523579,3200.01,46.654,1765422121007,False
2661523580,3200.02,0.008,1765422121013,False
2661523581,3200.05,0.036,1765422121013,False
2661523582,3200.09,0.046,1765422121013,False
2661523583,3200.10,0.014,1765422121014,False
2661523584,3200.12,0.008,1765422121014,False
2661523585,3200.13,0.036,1765422121014,False
2661523586,3200.15,0.008,1765422121014,False
2661523587,3200.18,0.008,1765422121014,False
2661523588,3200.20,0.036,1765422121014,False
2661523589,3200.21,0.008,1765422121014,False
2661523590,3200.24,0.036,1765422121014,False
2661523591,3200.25,0.015,1765422121014,False
2661523592,3200.28,0.044,1765422121014,False
2661523593,3200.31,0.008,1765422121014,False
2661523594,3200.32,0.003,1765422121014,False
2661523595,3200.15,0.016,1765422121016,False
2661523596,3200.15,0.015,1765422121025,True
2661523597,3200.23,0.014,1765422121026,False
2661523598,3200.27,0.016,1765422121026,False
2661523599,3200.29,0.016,1765422121026,False
2661523600,3200.32,0.033,1765422121026,False
2661523601,3200.34,0.008,1765422121026,False
2661523602,3200.37,0.008,1765422121026,False
2661523603,3200.39,0.036,1765422121026,False
2661523604,3200.40,0.021,1765422121026,False
2661523605,3200.41,0.106,1765422121026,False
2661523606,3200.43,0.036,1765422121026,False
2661523607,3200.44,0.008,1765422121026,False
2661523608,3200.46,0.257,1765422121026,False
2661523609,3200.15,0.096,1765422121030,True
2661523610,3200.26,0.010,1765422121042,False
2661523611,3200.32,0.016,1765422121045,False
2661523612,3200.33,0.013,1765422121045,False
2661523613,3200.34,0.016,1765422121045,False
2661523614,3200.17,0.187,1765422121045,True
2661523615,3200.24,0.229,1765422121046,False
2661523616,3200.37,0.010,1765422121048,False
2661523617,3200.38,2.352,1765422121048,False
2661523618,3200.34,0.020,1765422121055,True
2661523619,3200.38,1.071,1765422121056,False
2661523620,3200.39,0.079,1765422121062,False
2661523621,3200.40,0.007,1765422121062,False
2661523622,3200.47,0.044,1765422121062,False
2661523623,3200.48,0.053,1765422121062,False
2661523624,3200.49,0.153,1765422121063,False
2661523625,3200.43,0.023,1765422121065,True
2661523626,3200.49,0.292,1765422121065,False
2661523627,3200.48,1.768,1765422121080,True
2661523628,3200.49,0.008,1765422121093,False
2661523629,3200.48,0.034,1765422121101,True
2661523630,3200.49,0.110,1765422121109,False
2661523631,3200.48,0.560,1765422121112,True
2661523632,3200.49,0.540,1765422121112,False
2661523633,3200.48,8.594,1765422121115,True
2661523634,3200.49,0.008,1765422121144,False
2661523635,3200.48,4.079,1765422121162,True
2661523636,3200.47,0.014,1765422121162,True
2661523637,3200.47,0.227,1765422121165,False
2661523638,3200.40,0.027,1765422121166,True
2661523639,3200.38,0.020,1765422121166,True
2661523640,3200.37,0.008,1765422121167,True
2661523641,3200.36,0.099,1765422121188,True
2661523642,3200.37,0.030,1765422121201,False
2661523643,3200.36,6.142,1765422121210,True
2661523644,3200.34,0.007,1765422121221,True
2661523645,3200.33,0.310,1765422121221,True
2661523646,3200.34,3.156,1765422121238,False
2661523647,3200.33,21.380,1765422121267,True
2661523648,3200.34,0.342,1765422121304,False
2661523649,3200.33,1.405,1765422121385,True
2661523650,3200.34,1.806,1765422121446,False
2661523651,3200.35,0.008,1765422121470,False
2661523652,3200.37,0.050,1765422121470,False
2661523653,3200.40,0.079,1765422121474,False
2661523654,3200.41,0.044,1765422121485,False
2661523655,3200.42,0.013,1765422121485,False
2661523656,3200.45,0.049,1765422121485,False
2661523657,3200.47,8.754,1765422121490,False
2661523658,3200.48,0.061,1765422121491,False
2661523659,3200.49,1.019,1765422121491,False
2661523660,3200.51,0.115,1765422121495,False
2661523661,3200.51,0.583,1765422121495,True
2661523662,3200.52,0.350,1765422121527,False
2661523663,3200.52,0.076,1765422121527,True
2661523664,3200.53,0.021,1765422121531,False
2661523665,3200.55,0.043,1765422121531,False
2661523666,3200.56,0.043,1765422121531,False
2661523667,3200.57,0.056,1765422121531,False
2661523668,3200.60,0.021,1765422121531,False
2661523669,3200.61,0.082,1765422121533,True
2661523670,3200.62,0.819,1765422121546,False
2661523671,3200.63,0.008,1765422121549,False
2661523672,3200.64,0.008,1765422121549,False
2661523673,3200.67,0.043,1765422121549,False
2661523674,3200.68,1.036,1765422121551,False
2661523675,3200.69,0.046,1765422121551,False
2661523676,3200.70,0.014,1765422121551,False
2661523677,3200.71,0.036,1765422121551,False
2661523678,3200.73,0.008,1765422121551,False
2661523679,3200.74,0.017,1765422121551,False
2661523680,3200.75,0.043,1765422121551,False
2661523681,3200.76,0.020,1765422121560,False
2661523682,3200.78,0.035,1765422121560,False
2661523683,3200.79,0.049,1765422121560,False
2661523684,3200.80,0.031,1765422121561,False
2661523685,3200.81,89.327,1765422121563,True
2661523686,3200.79,27.903,1765422121563,True
2661523687,3200.78,9.849,1765422121563,True
2661523688,3200.77,2.563,1765422121563,True
2661523689,3200.75,93.691,1765422121563,True
2661523690,3200.73,0.036,1765422121563,True
2661523691,3200.72,21.641,1765422121563,True
2661523692,3200.71,46.795,1765422121563,True
2661523693,3200.70,0.007,1765422121563,True
2661523694,3200.69,1.473,1765422121563,True
2661523695,3200.68,32.164,1765422121563,True
2661523696,3200.67,10.478,1765422121564,True
2661523697,3200.66,6.551,1765422121564,True
2661523698,3200.65,0.078,1765422121564,True
2661523699,3200.64,0.021,1765422121564,True
2661523700,3200.63,20.937,1765422121564,True
2661523701,3200.62,20.013,1765422121564,True
2661523702,3200.61,0.044,1765422121564,True
2661523703,3200.60,0.007,1765422121564,True
2661523704,3200.58,0.008,1765422121564,True
2661523705,3200.56,0.008,1765422121564,True
2661523706,3200.55,0.043,1765422121564,True
2661523707,3200.54,0.013,1765422121564,True
2661523708,3200.53,0.008,1765422121564,True
2661523709,3200.52,0.010,1765422121564,True
2661523710,3200.51,5.646,1765422121564,True
2661523711,3200.70,0.007,1765422121564,False
2661523712,3200.82,0.718,1765422121564,False
2661523713,3200.83,0.036,1765422121564,False
2661523714,3200.66,5.678,1765422121569,False
2661523715,3200.67,5.678,1765422121569,False
2661523716,3200.69,5.703,1765422121569,False
2661523717,3200.71,5.678,1765422121570,False
2661523718,3200.73,5.678,1765422121571,False
2661523719,3200.74,1.422,1765422121574,False
2661523720,3200.71,0.126,1765422121651,False
2661523721,3200.70,5.834,1765422121682,True
2661523722,3200.69,0.007,1765422121683,True
2661523723,3200.67,0.036,1765422121683,True
2661523724,3200.66,0.086,1765422121683,True
2661523725,3200.65,0.043,1765422121683,True
2661523726,3200.64,0.008,1765422121683,True
2661523727,3200.63,0.013,1765422121683,True
2661523728,3200.62,21.065,1765422121683,True
2661523729,3200.63,0.164,1765422121715,False
2661523730,3200.62,0.127,1765422121732,True
2661523731,3200.63,3.114,1765422121733,False
2661523732,3200.62,2.384,1765422121762,True
2661523733,3200.61,0.007,1765422121841,True
2661523734,3200.60,0.007,1765422121841,True
2661523735,3200.58,0.924,1765422121842,False
2661523736,3200.57,0.036,1765422121843,True
2661523737,3200.55,0.007,1765422121843,True
2661523738,3200.54,0.007,1765422121843,True
2661523739,3200.51,0.013,1765422121843,True
2661523740,3200.50,0.008,1765422121843,True
2661523741,3200.49,0.036,1765422121843,True
2661523742,3200.48,0.020,1765422121843,True
2661523743,3200.46,0.028,1765422121846,True
2661523744,3200.43,0.056,1765422121846,True
2661523745,3200.40,0.035,1765422121846,True
2661523746,3200.39,3.329,1765422121851,True
2661523747,3200.36,2.092,1765422121860,True
2661523748,3200.35,1.714,1765422121873,True
2661523749,3200.34,0.978,1765422121873,True
2661523750,3200.33,2.104,1765422121873,True
2661523751,3200.31,0.915,1765422121873,True
2661523752,3200.29,0.036,1765422121873,True
2661523753,3200.28,0.008,1765422121873,True
2661523754,3200.26,0.013,1765422121873,True
2661523755,3200.25,0.015,1765422121873,True
2661523756,3200.24,0.044,1765422121873,True
2661523757,3200.21,0.008,1765422121873,True
2661523758,3200.20,0.007,1765422121873,True
2661523759,3200.19,0.063,1765422121873,True
2661523760,3200.18,0.008,1765422121873,True
2661523761,3200.16,0.028,1765422121873,True
2661523762,3200.15,0.015,1765422121873,True
2661523763,3200.14,0.069,1765422121873,True
2661523764,3200.12,0.057,1765422121873,True
2661523765,3200.11,0.050,1765422121873,True
2661523766,3200.10,0.047,1765422121873,True
2661523767,3200.09,0.044,1765422121873,True
2661523768,3200.08,0.021,1765422121873,True
2661523769,3200.07,0.007,1765422121873,True
2661523770,3200.06,0.950,1765422121873,True
2661523771,3200.05,0.015,1765422121873,True
2661523772,3200.04,0.013,1765422121873,True
2661523773,3200.03,0.007,1765422121873,True
2661523774,3200.02,0.064,1765422121873,True
2661523775,3200.01,0.020,1765422121873,True
2661523776,3200.00,12.688,1765422121873,True
2661523777,3200.01,1.899,1765422121875,False
2661523778,3200.02,0.008,1765422121890,False
2661523779,3200.07,0.036,1765422121890,False
2661523780,3200.10,0.014,1765422121890,False
2661523781,3200.11,3.641,1765422121890,False
2661523782,3200.10,2.393,1765422121982,True
2661523783,3200.11,2.180,1765422122159,False
2661523784,3200.10,9.532,1765422122252,True
2661523785,3200.11,0.190,1765422122271,False
2661523786,3200.10,4.256,1765422122360,True
2661523787,3200.11,0.042,1765422122413,False
2661523788,3200.10,33.459,1765422122446,True
2661523789,3200.11,0.407,1765422122456,False
2661523790,3200.12,0.021,1765422122462,False
2661523791,3200.15,0.036,1765422122465,False
2661523792,3200.19,0.013,1765422122467,False
2661523793,3200.20,0.050,1765422122471,False
2661523794,3200.19,19.435,1765422122477,True
2661523795,3200.19,0.041,1765422122592,True
2661523796,3200.20,2.787,1765422122634,False
2661523797,3200.21,0.008,1765422122644,False
2661523798,3200.23,4.678,1765422122665,True
2661523799,3200.24,0.049,1765422122666,False
2661523800,3200.25,0.021,1765422122671,False
2661523801,3200.28,0.062,1765422122690,False
2661523802,3200.29,0.008,1765422122690,False
2661523803,3200.31,0.013,1765422122690,False
2661523804,3200.32,0.036,1765422122690,False
2661523805,3200.33,0.010,1765422122690,False
2661523806,3200.34,0.079,1765422122690,False
2661523807,3200.35,0.007,1765422122690,False
2661523808,3200.36,0.036,1765422122690,False
2661523809,3200.37,0.022,1765422122690,False
2661523810,3200.39,0.008,1765422122690,False
2661523811,3200.40,0.065,1765422122690,False
2661523812,3200.41,0.008,1765422122690,False
2661523813,3200.43,0.013,1765422122690,False
2661523814,3200.44,0.412,1765422122690,False
2661523815,3200.45,0.020,1765422122690,False
2661523816,3200.46,0.634,1765422122690,False
2661523817,3200.47,0.058,1765422122690,False
2661523818,3200.48,0.021,1765422122690,False
2661523819,3200.49,0.156,1765422122690,False
2661523820,3200.50,0.363,1765422122690,False
2661523821,3200.51,0.048,1765422122690,False
2661523822,3200.52,0.007,1765422122690,False
2661523823,3200.53,0.431,1765422122690,False
2661523824,3200.54,0.104,1765422122734,False
2661523825,3200.53,0.500,1765422122736,True
2661523826,3200.54,0.027,1765422122742,False
2661523827,3200.53,0.468,1765422122766,True
2661523828,3200.54,0.008,1765422122768,False
2661523829,3200.53,2.055,1765422122768,True
2661523830,3200.54,2.971,1765422122798,False
2661523831,3200.55,0.762,1765422122816,False
2661523832,3200.58,0.036,1765422122817,False
2661523833,3200.59,0.007,1765422122817,False
2661523834,3200.60,0.007,1765422122817,False
2661523835,3200.61,0.028,1765422122817,False
2661523836,3200.63,0.049,1765422122817,False
2661523837,3200.64,0.023,1765422122817,False
2661523838,3200.65,6.405,1765422122817,False
2661523839,3200.66,0.014,1765422122833,False
2661523840,3200.67,0.081,1765422122833,False
2661523841,3200.67,0.186,1765422122834,True
2661523842,3200.68,0.047,1765422122845,False
2661523843,3200.69,0.008,1765422122848,False
2661523844,3200.70,0.014,1765422122848,False
2661523845,3200.71,0.052,1765422122848,False
2661523846,3200.74,0.055,1765422122848,False
2661523847,3200.76,0.043,1765422122848,False
2661523848,3200.77,0.015,1765422122848,False
2661523849,3200.80,0.077,1765422122848,False
2661523850,3200.82,0.008,1765422122848,False
2661523851,3200.83,0.240,1765422122848,False
2661523852,3200.82,0.127,1765422122849,True
2661523853,3200.83,3.113,1765422122871,False
2661523854,3200.82,0.039,1765422122879,True
2661523855,3200.83,0.028,1765422122884,False
2661523856,3200.82,0.124,1765422122899,True
2661523857,3200.83,0.154,1765422122905,False
2661523858,3200.82,7.685,1765422122911,True
2661523859,3200.83,4.335,1765422122916,False
2661523860,3200.83,0.100,1765422123005,True
2661523861,3200.84,0.021,1765422123007,False
2661523862,3200.85,0.007,1765422123007,False
2661523863,3200.87,0.149,1765422123025,False
2661523864,3200.88,0.028,1765422123033,False
2661523865,3200.88,1.007,1765422123035,True
2661523866,3200.89,0.007,1765422123036,False
2661523867,3200.91,0.004,1765422123036,False
2661523868,3200.88,0.281,1765422123036,True
2661523869,3200.91,0.045,1765422123036,False
2661523870,3200.93,0.007,1765422123036,False
2661523871,3200.95,0.008,1765422123036,False
2661523872,3200.96,0.012,1765422123036,False
2661523873,3200.97,0.027,1765422123036,False
2661523874,3200.88,7.996,1765422123036,True
2661523875,3200.97,0.009,1765422123036,False
2661523876,3200.98,0.008,1765422123036,False
2661523877,3201.00,2.343,1765422123036,False
2661523878,3200.88,8.483,1765422123036,True
2661523879,3201.00,1.559,1765422123036,False
2661523880,3200.88,0.200,1765422123036,True
2661523881,3201.00,0.217,1765422123036,False
2661523882,3200.88,3.084,1765422123036,True
2661523883,3201.00,0.489,1765422123036,False
2661523884,3200.88,1.535,1765422123036,True
2661523885,3201.00,0.207,1765422123036,False
2661523886,3200.99,3.027,1765422123036,True
2661523887,3201.00,0.288,1765422123036,False
2661523888,3201.01,2.142,1765422123036,False
2661523889,3201.02,2.655,1765422123036,False
2661523890,3201.03,0.007,1765422123036,False
2661523891,3201.04,0.038,1765422123036,False
2661523892,3201.05,0.013,1765422123036,False
2661523893,3201.07,0.044,1765422123036,False
2661523894,3201.08,0.057,1765422123036,False
2661523895,3201.09,0.053,1765422123036,False
2661523896,3201.11,0.064,1765422123036,False
2661523897,3201.12,0.008,1765422123036,False
2661523898,3201.13,2.294,1765422123036,False
2661523899,3200.99,0.237,1765422123036,True
2661523900,3201.00,1.365,1765422123036,True
2661523901,3201.00,1.245,1765422123036,False
2661523902,3200.99,2.049,1765422123036,True
2661523903,3201.00,0.100,1765422123036,False
2661523904,3200.99,7.813,1765422123036,True
2661523905,3201.00,0.073,1765422123036,False
2661523906,3200.99,1.012,1765422123036,True
2661523907,3200.88,4.852,1765422123036,True
2661523908,3201.00,0.007,1765422123036,False
2661523909,3200.88,0.022,1765422123036,True
2661523910,3201.00,0.372,1765422123036,False
2661523911,3201.13,0.008,1765422123036,False
2661523912,3200.88,0.062,1765422123036,True
2661523913,3200.90,0.195,1765422123036,True
2661523914,3200.88,0.429,1765422123036,True
2661523915,3201.13,0.840,1765422123036,False
2661523916,3201.14,4.941,1765422123036,False
2661523917,3201.15,0.043,1765422123036,False
2661523918,3201.16,0.013,1765422123036,False
2661523919,3201.17,4.923,1765422123036,False
2661523920,3201.18,0.014,1765422123036,False
2661523921,3201.19,2.551,1765422123037,False
2661523922,3200.88,2.000,1765422123037,True
2661523923,3201.19,0.383,1765422123037,False
2661523924,3201.13,0.195,1765422123037,True
2661523925,3201.08,0.195,1765422123037,True
2661523926,3201.07,0.195,1765422123037,True
2661523927,3201.00,0.195,1765422123037,True
2661523928,3201.00,1.557,1765422123037,False
2661523929,3200.99,4.226,1765422123037,True
2661523930,3201.00,0.007,1765422123041,False
2661523931,3200.99,0.038,1765422123041,True
2661523932,3201.00,0.180,1765422123062,False
2661523933,3200.99,42.203,1765422123068,True
2661523934,3200.98,0.014,1765422123117,True
2661523935,3200.97,0.036,1765422123117,True
2661523936,3200.92,0.013,1765422123117,True
2661523937,3200.90,0.036,1765422123117,True
2661523938,3200.89,0.007,1765422123117,True
2661523939,3200.88,0.048,1765422123117,True
2661523940,3200.86,0.067,1765422123117,True
2661523941,3200.85,0.028,1765422123117,True
2661523942,3200.82,0.140,1765422123117,True
2661523943,3200.79,0.028,1765422123117,True
2661523944,3200.78,0.036,1765422123117,True
2661523945,3200.77,0.021,1765422123117,True
2661523946,3200.76,0.086,1765422123117,True
2661523947,3200.75,0.333,1765422123117,True
2661523948,3200.74,0.009,1765422123117,True
2661523949,3200.73,0.010,1765422123117,True
2661523950,3200.72,0.051,1765422123117,True
2661523951,3200.71,0.021,1765422123117,True
2661523952,3200.70,0.021,1765422123117,True
2661523953,3200.69,0.007,1765422123117,True
2661523954,3200.68,0.028,1765422123117,True
2661523955,3200.67,0.026,1765422123117,True
2661523956,3200.66,0.017,1765422123117,True
2661523957,3200.65,0.064,1765422123117,True
2661523958,3200.64,0.007,1765422123117,True
2661523959,3200.62,0.021,1765422123117,True
2661523960,3200.61,0.051,1765422123117,True
2661523961,3200.59,0.099,1765422123117,True
2661523962,3200.58,0.008,1765422123117,True
2661523963,3200.57,0.050,1765422123117,True
2661523964,3200.56,0.021,1765422123117,True
2661523965,3200.55,9.141,1765422123117,True
2661523966,3200.54,42.504,1765422123117,True
2661523967,3200.53,30.287,1765422123117,True
2661523968,3200.52,30.049,1765422123117,True
2661523969,3200.51,30.319,1765422123117,True
2661523970,3200.50,0.021,1765422123117,True
2661523971,3200.49,0.079,1765422123117,True
2661523972,3200.48,2.413,1765422123117,True
2661523973,3200.47,0.044,1765422123117,True
2661523974,3200.46,0.013,1765422123117,True
2661523975,3200.44,0.332,1765422123117,True
2661523976,3200.43,0.044,1765422123117,True
2661523977,3200.42,0.028,1765422123117,True
2661523978,3200.40,4.342,1765422123117,True
2661523979,3200.39,3.981,1765422123117,True
2661523980,3200.37,0.156,1765422123117,True
2661523981,3200.36,0.034,1765422123117,True
2661523982,3200.35,1.593,1765422123117,True
2661523983,3200.34,13.118,1765422123117,True
2661523984,3200.33,0.031,1765422123117,True
2661523985,3200.32,0.236,1765422123117,True
2661523986,3200.31,0.007,1765422123117,True
2661523987,3200.30,0.047,1765422123117,True
2661523988,3200.29,0.008,1765422123117,True
2661523989,3200.28,21.994,1765422123117,True
2661523990,3200.27,1.076,1765422123117,True
2661523991,3200.26,4.917,1765422123117,True
2661523992,3200.25,3.410,1765422123117,True
2661523993,3200.24,1.013,1765422123117,True
2661523994,3200.23,0.008,1765422123117,True
2661523995,3200.22,0.007,1765422123117,True
2661523996,3200.21,3.924,1765422123117,True
2661523997,3200.20,4.873,1765422123117,True
2661523998,3200.19,4.725,1765422123117,True
2661523999,3200.18,1.279,1765422123118,True
2661524000,3200.17,1.388,1765422123118,True
2661524001,3200.16,0.024,1765422123118,True
2661524002,3200.15,0.013,1765422123118,True
2661524003,3200.14,0.007,1765422123118,True
2661524004,3200.13,0.008,1765422123118,True
2661524005,3200.12,0.057,1765422123118,True
2661524006,3200.11,0.488,1765422123118,True
2661524007,3200.10,1.521,1765422123118,True
2661524008,3200.09,1.028,1765422123118,True
2661524009,3200.08,0.071,1765422123118,True
2661524010,3200.07,0.381,1765422123118,True
2661524011,3200.06,1.617,1765422123118,True
2661524012,3200.05,11.487,1765422123118,True
2661524013,3200.04,3.967,1765422123118,True
2661524014,3200.03,1.890,1765422123118,True
2661524015,3200.02,24.281,1765422123118,True
2661524016,3200.01,25.006,1765422123118,True
2661524017,3200.86,0.259,1765422123118,True
2661524018,3200.85,0.007,1765422123128,True
2661524019,3200.84,0.036,1765422123128,True
2661524020,3200.80,10.622,1765422123131,False
2661524021,3200.79,1.018,1765422123134,True
2661524022,3200.80,0.010,1765422123185,False
2661524023,3200.79,6.067,1765422123198,True
2661524024,3200.78,0.007,1765422123199,True
2661524025,3200.73,0.036,1765422123199,True
2661524026,3200.72,0.021,1765422123199,True
2661524027,3200.70,0.014,1765422123199,True
2661524028,3200.69,0.165,1765422123199,True
2661524029,3200.68,0.013,1765422123199,True
2661524030,3200.66,0.008,1765422123199,True
2661524031,3200.64,0.036,1765422123199,True
2661524032,3200.62,0.257,1765422123199,True
2661524033,3200.61,0.008,1765422123199,True
2661524034,3200.60,0.010,1765422123199,True
2661524035,3200.59,0.008,1765422123199,True
2661524036,3200.58,0.013,1765422123199,True
2661524037,3200.56,0.044,1765422123199,True
2661524038,3200.55,0.007,1765422123199,True
2661524039,3200.54,0.020,1765422123199,True
2661524040,3200.53,0.008,1765422123199,True
2661524041,3200.52,0.389,1765422123199,True
2661524042,3200.51,0.036,1765422123199,True
2661524043,3200.50,0.008,1765422123199,True
2661524044,3200.46,0.054,1765422123199,True
2661524045,3200.44,3.120,1765422123199,True
2661524046,3200.43,0.008,1765422123199,True
2661524047,3200.41,0.046,1765422123199,True
2661524048,3200.40,0.037,1765422123199,True
2661524049,3200.39,4.871,1765422123199,True
2661524050,3200.40,0.061,1765422123230,False
2661524051,3200.41,0.044,1765422123230,False
2661524052,3200.44,1.501,1765422123266,True
2661524053,3200.45,0.110,1765422123320,False
2661524054,3200.44,0.826,1765422123322,True
2661524055,3200.44,1.840,1765422123464,True
2661524056,3200.45,0.008,1765422123469,False
2661524057,3200.44,0.135,1765422123470,True
2661524058,3200.45,0.338,1765422123497,False
2661524059,3200.44,3.034,1765422123498,True
2661524060,3200.45,0.419,1765422123557,False
2661524061,3200.44,0.031,1765422123588,True
2661524062,3200.45,0.954,1765422123704,False
2661524063,3200.46,0.069,1765422123764,False
2661524064,3200.47,0.044,1765422123765,False
2661524065,3200.50,0.020,1765422123771,False
2661524066,3200.51,0.036,1765422123771,False
2661524067,3200.53,0.026,1765422123775,False
2661524068,3200.55,0.049,1765422123779,False
2661524069,3200.56,0.062,1765422123795,False
2661524070,3200.57,0.008,1765422123795,False
2661524071,3200.58,0.036,1765422123795,False
2661524072,3200.60,0.029,1765422123799,False
2661524073,3200.61,0.010,1765422123804,False
2661524074,3200.60,1.549,1765422123807,True
2661524075,3200.60,18.440,1765422123936,True
2661524076,3200.59,0.007,1765422123937,True
2661524077,3200.57,5.715,1765422123937,True
2661524078,3200.55,0.007,1765422123937,True
2661524079,3200.52,0.020,1765422123937,True
2661524080,3200.51,0.036,1765422123937,True
2661524081,3200.50,0.020,1765422123937,True
2661524082,3200.49,0.008,1765422123937,True
2661524083,3200.48,0.008,1765422123937,True
2661524084,3200.46,0.020,1765422123937,True
2661524085,3200.45,47.739,1765422123937,True
2661524086,3200.46,0.007,1765422123997,False
2661524087,3200.45,5.939,1765422123999,True
2661524088,3200.44,1.816,1765422123999,True
2661524089,3200.43,0.234,1765422123999,True
2661524090,3200.42,0.007,1765422123999,True
2661524091,3200.40,0.009,1765422124005,True
2661524092,3200.41,0.008,1765422124010,False
2661524093,3200.40,0.013,1765422124019,True
2661524094,3200.39,0.017,1765422124019,True
2661524095,3200.37,0.013,1765422124019,True
2661524096,3200.36,0.631,1765422124021,True
2661524097,3200.36,0.662,1765422124144,True
2661524098,3200.37,0.500,1765422124259,False
2661524099,3200.38,0.022,1765422124259,False
2661524100,3200.40,0.022,1765422124259,False
2661524101,3200.41,0.036,1765422124259,False
2661524102,3200.45,0.328,1765422124263,False
2661524103,3200.46,0.066,1765422124271,False
2661524104,3200.47,4.934,1765422124271,False
2661524105,3200.46,1.235,1765422124303,True
2661524106,3200.47,15.114,1765422124352,False
2661524107,3200.48,0.022,1765422124354,False
2661524108,3200.50,0.036,1765422124358,False
2661524109,3200.51,0.007,1765422124358,False
2661524110,3200.51,1.883,1765422124392,True
2661524111,3200.52,0.072,1765422124395,False
2661524112,3200.53,0.008,1765422124395,False
2661524113,3200.54,0.013,1765422124395,False
2661524114,3200.55,0.007,1765422124395,False
2661524115,3200.56,0.036,1765422124395,False
2661524116,3200.57,0.036,1765422124395,False
2661524117,3200.60,0.008,1765422124395,False
2661524118,3200.61,0.170,1765422124395,False
2661524119,3200.65,0.049,1765422124412,False
2661524120,3200.66,0.016,1765422124425,False
2661524121,3200.65,0.020,1765422124445,True
2661524122,3200.66,0.033,1765422124446,False
2661524123,3200.65,9.933,1765422124481,True
2661524124,3200.66,0.429,1765422124498,False
2661524125,3200.67,0.008,1765422124498,False
2661524126,3200.68,0.007,1765422124498,False
2661524127,3200.69,0.036,1765422124498,False
2661524128,3200.70,0.021,1765422124498,False
2661524129,3200.71,0.007,1765422124498,False
2661524130,3200.72,0.013,1765422124498,False
2661524131,3200.73,0.044,1765422124498,False
2661524132,3200.75,0.041,1765422124498,False
2661524133,3200.76,0.055,1765422124498,False
2661524134,3200.77,0.036,1765422124498,False
2661524135,3200.78,0.008,1765422124498,False
2661524136,3200.79,0.014,1765422124498,False
2661524137,3200.80,0.164,1765422124498,False
2661524138,3200.81,0.007,1765422124498,False
2661524139,3200.82,0.008,1765422124498,False
2661524140,3200.83,0.061,1765422124498,False
2661524141,3200.85,0.789,1765422124498,False
2661524142,3200.86,0.008,1765422124498,False
2661524143,3200.87,0.043,1765422124498,False
2661524144,3200.88,0.013,1765422124498,False
2661524145,3200.89,0.803,1765422124498,False
2661524146,3200.91,0.064,1765422124498,False
2661524147,3200.92,0.021,1765422124498,False
2661524148,3200.93,0.021,1765422124498,False
2661524149,3200.94,0.121,1765422124498,False
2661524150,3200.95,0.021,1765422124498,False
2661524151,3200.96,0.364,1765422124498,False
2661524152,3200.96,4.254,1765422124688,True
2661524153,3200.97,47.989,1765422124754,False
2661524154,3200.96,0.031,1765422124853,True
2661524155,3200.97,2.528,1765422124859,False
2661524156,3200.96,0.852,1765422125053,True
2661524157,3200.97,0.098,1765422125123,False
2661524158,3200.97,0.051,1765422125250,False
2661524159,3200.96,2.261,1765422125268,True
2661524160,3200.96,1.031,1765422125397,True
2661524161,3200.97,0.129,1765422125416,False
2661524162,3200.96,0.522,1765422125490,True
2661524163,3200.95,0.007,1765422125490,True
2661524164,3200.93,1.303,1765422125490,True
2661524165,3200.91,0.007,1765422125491,True
2661524166,3200.89,0.587,1765422125491,True
2661524167,3200.88,0.095,1765422125496,True
2661524168,3200.86,0.017,1765422125496,True
2661524169,3200.85,0.056,1765422125496,True
2661524170,3200.83,0.007,1765422125496,True
2661524171,3200.82,0.008,1765422125496,True
2661524172,3200.81,0.044,1765422125496,True
2661524173,3200.79,0.007,1765422125496,True
2661524174,3200.78,0.008,1765422125496,True
2661524175,3200.77,0.036,1765422125496,True
2661524176,3200.76,0.007,1765422125496,True
2661524177,3200.75,0.015,1765422125496,True
2661524178,3200.73,0.280,1765422125496,True
2661524179,3200.72,0.008,1765422125496,True
2661524180,3200.71,0.015,1765422125496,True
2661524181,3200.70,0.043,1765422125496,True
2661524182,3200.69,0.036,1765422125497,True
2661524183,3200.68,0.008,1765422125497,True
2661524184,3200.67,0.020,1765422125497,True
2661524185,3200.65,0.078,1765422125497,True
2661524186,3200.64,0.013,1765422125497,True
2661524187,3200.63,0.007,1765422125497,True
2661524188,3200.62,0.051,1765422125497,True
2661524189,3200.61,0.021,1765422125497,True
2661524190,3200.60,0.007,1765422125497,True
2661524191,3200.59,0.015,1765422125497,True
2661524192,3200.58,0.023,1765422125497,True
2661524193,3200.57,0.036,1765422125497,True
2661524194,3200.56,0.057,1765422125497,True
2661524195,3200.55,0.022,1765422125497,True
2661524196,3200.54,0.013,1765422125497,True
2661524197,3200.53,0.007,1765422125497,True
2661524198,3200.52,0.008,1765422125497,True
2661524199,3200.51,0.101,1765422125497,True
2661524200,3200.50,0.228,1765422125497,True
2661524201,3200.51,0.097,1765422125557,False
2661524202,3200.50,12.304,1765422125595,True
2661524203,3200.51,2.547,1765422125764,False
2661524204,3200.52,0.022,1765422125824,False
2661524205,3200.53,0.036,1765422125824,False
2661524206,3200.55,0.007,1765422125824,False
2661524207,3200.57,0.036,1765422125826,False
2661524208,3200.59,0.013,1765422125826,False
2661524209,3200.61,0.044,1765422125826,False
2661524210,3200.62,0.021,1765422125826,False
2661524211,3200.64,0.020,1765422125838,False
2661524212,3200.65,0.051,1765422125841,False
2661524213,3200.68,0.013,1765422125841,False
2661524214,3200.70,0.014,1765422125841,False
2661524215,3200.71,0.064,1765422125841,False
2661524216,3200.72,0.036,1765422125841,False
2661524217,3200.74,0.013,1765422125841,False
2661524218,3200.75,0.008,1765422125841,False
2661524219,3200.76,0.085,1765422125841,False
2661524220,3200.77,0.013,1765422125841,False
2661524221,3200.78,0.008,1765422125841,False
2661524222,3200.80,0.013,1765422125841,False
2661524223,3200.81,0.018,1765422125841,False
2661524224,3200.82,0.044,1765422125841,False
2661524225,3200.83,0.013,1765422125841,False
2661524226,3200.84,0.018,1765422125841,False
2661524227,3200.85,0.096,1765422125841,False
2661524228,3200.86,0.056,1765422125841,False
2661524229,3200.87,0.512,1765422125841,False
2661524230,3200.88,0.544,1765422125863,False
2661524231,3200.87,0.602,1765422125990,True
2661524232,3200.88,0.196,1765422125997,False
2661524233,3200.89,0.022,1765422126039,False
2661524234,3200.90,0.036,1765422126039,False
2661524235,3200.93,0.007,1765422126040,False
2661524236,3200.94,0.089,1765422126040,False
2661524237,3200.94,0.014,1765422126052,True
2661524238,3200.95,0.062,1765422126063,False
2661524239,3200.96,9.658,1765422126078,True
2661524240,3200.97,0.096,1765422126156,False
2661524241,3200.96,7.438,1765422126228,True
2661524242,3200.96,6.209,1765422126338,True
2661524243,3200.95,0.007,1765422126338,True
2661524244,3200.94,0.095,1765422126338,True
2661524245,3200.93,0.007,1765422126338,True
2661524246,3200.91,1.074,1765422126340,True
2661524247,3200.90,0.007,1765422126355,True
2661524248,3200.89,0.049,1765422126355,True
2661524249,3200.87,0.939,1765422126410,True
2661524250,3200.86,0.070,1765422126415,True
2661524251,3200.85,0.043,1765422126415,True
2661524252,3200.82,0.008,1765422126415,True
2661524253,3200.79,0.511,1765422126420,True
2661524254,3200.77,0.007,1765422126423,True
2661524255,3200.76,0.007,1765422126423,True
2661524256,3200.73,0.007,1765422126423,True
2661524257,3200.72,0.079,1765422126423,True
2661524258,3200.70,0.043,1765422126423,True
2661524259,3200.69,0.015,1765422126423,True
2661524260,3200.68,0.036,1765422126423,True
2661524261,3200.67,0.013,1765422126423,True
2661524262,3200.66,0.015,1765422126423,True
2661524263,3200.65,0.007,1765422126423,True
2661524264,3200.64,0.013,1765422126423,True
2661524265,3200.63,0.044,1765422126423,True
2661524266,3200.62,0.008,1765422126423,True
2661524267,3200.61,0.015,1765422126423,True
2661524268,3200.60,0.070,1765422126488,True
2661524269,3200.61,0.156,1765422126570,False
2661524270,3200.60,0.049,1765422126600,True
2661524271,3200.61,0.022,1765422126653,False
2661524272,3200.60,0.112,1765422126668,True
2661524273,3200.61,4.689,1765422126720,False
2661524274,3200.60,0.083,1765422126740,True
2661524275,3200.60,1.000,1765422126887,True
2661524276,3200.61,0.016,1765422126911,False
2661524277,3200.60,30.000,1765422126983,True
2661524278,3200.61,0.237,1765422127003,False
2661524279,3200.62,0.008,1765422127003,False
2661524280,3200.64,0.007,1765422127003,False
2661524281,3200.65,0.043,1765422127003,False
2661524282,3200.69,0.049,1765422127003,False
2661524283,3200.70,0.092,1765422127007,False
2661524284,3200.71,0.007,1765422127007,False
2661524285,3200.72,0.001,1765422127007,False
2661524286,3200.70,0.013,1765422127009,False
2661524287,3200.71,0.008,1765422127009,False
2661524288,3200.72,0.025,1765422127014,False
2661524289,3200.73,0.065,1765422127019,False
2661524290,3200.74,0.021,1765422127025,False
2661524291,3200.77,0.193,1765422127036,False
2661524292,3200.76,0.240,1765422127146,True
2661524293,3200.77,0.112,1765422127150,False
2661524294,3200.78,0.028,1765422127155,False
2661524295,3200.81,0.056,1765422127160,False
2661524296,3200.82,0.021,1765422127165,False
2661524297,3200.84,0.092,1765422127173,False
2661524298,3200.85,0.120,1765422127181,False
2661524299,3200.86,0.049,1765422127242,False
2661524300,3200.87,0.008,1765422127242,False
2661524301,3200.88,0.013,1765422127242,False
2661524302,3200.90,0.036,1765422127242,False
2661524303,3200.91,0.007,1765422127242,False
2661524304,3200.93,0.980,1765422127242,False
2661524305,3200.94,0.008,1765422127276,False
2661524306,3200.95,0.036,1765422127276,False
2661524307,3200.96,0.379,1765422127276,False
2661524308,3200.97,1.298,1765422127276,False
2661524309,3200.98,0.029,1765422127276,False
2661524310,3200.99,0.007,1765422127276,False
2661524311,3201.00,56.952,1765422127276,False
2661524312,3201.01,0.155,1765422127373,False
2661524313,3201.03,0.008,1765422127373,False
2661524314,3201.04,0.149,1765422127381,False
2661524315,3201.05,0.013,1765422127382,False
2661524316,3201.07,0.421,1765422127382,False
2661524317,3201.08,0.056,1765422127382,False
2661524318,3201.10,0.043,1765422127382,False
2661524319,3201.11,0.015,1765422127382,False
2661524320,3201.12,0.050,1765422127382,False
2661524321,3201.14,0.008,1765422127382,False
2661524322,3201.15,0.015,1765422127382,False
2661524323,3201.16,0.043,1765422127382,False
2661524324,3201.17,0.018,1765422127382,False
2661524325,3201.18,0.007,1765422127382,False
2661524326,3201.20,0.423,1765422127382,False
2661524327,3201.22,0.610,1765422127382,False
2661524328,3201.23,0.021,1765422127382,False
2661524329,3201.24,1.935,1765422127382,False
2661524330,3201.25,0.062,1765422127382,False
2661524331,3201.27,0.810,1765422127382,False
2661524332,3201.28,0.007,1765422127382,False
2661524333,3201.29,0.013,1765422127382,False
2661524334,3201.30,0.038,1765422127382,False
2661524335,3201.31,0.060,1765422127382,False
2661524336,3201.32,0.234,1765422127382,False
2661524337,3201.33,13.090,1765422127517,False
2661524338,3201.32,0.011,1765422127568,True
2661524339,3201.32,15.335,1765422127688,True
2661524340,3201.33,14.041,1765422127757,False
2661524341,3201.34,3.246,1765422127806,False
2661524342,3201.37,0.036,1765422127806,False
2661524343,3201.38,0.021,1765422127806,False
2661524344,3201.40,0.055,1765422127806,False
2661524345,3201.41,0.020,1765422127807,False
2661524346,3201.42,0.314,1765422127807,False
2661524347,3201.43,0.123,1765422127807,False
2661524348,3201.44,0.021,1765422127807,False
2661524349,3201.45,0.028,1765422127807,False
2661524350,3201.46,0.017,1765422127807,False
2661524351,3201.47,0.036,1765422127807,False
2661524352,3201.32,0.555,1765422127809,True
2661524353,3201.48,0.027,1765422127810,False
2661524354,3201.49,0.008,1765422127810,False
2661524355,3201.50,0.007,1765422127810,False
2661524356,3201.51,0.013,1765422127810,False
2661524357,3201.52,0.051,1765422127810,False
2661524358,3201.53,0.013,1765422127810,False
2661524359,3201.55,0.028,1765422127811,False
2661524360,3201.56,0.015,1765422127811,False
2661524361,3201.58,15.762,1765422127897,True
2661524362,3201.59,10.512,1765422127922,False
2661524363,3201.60,0.028,1765422127922,False
2661524364,3201.61,0.020,1765422127923,False
2661524365,3201.62,0.422,1765422127923,False
2661524366,3201.63,0.036,1765422127923,False
2661524367,3201.64,0.034,1765422127923,False
2661524368,3201.65,0.031,1765422127923,False
2661524369,3201.66,0.028,1765422127923,False
2661524370,3201.67,0.044,1765422127923,False
2661524371,3201.68,0.027,1765422127923,False
2661524372,3201.69,9.693,1765422127923,False
2661524373,3201.70,0.008,1765422127923,False
2661524374,3201.71,0.057,1765422127923,False
2661524375,3201.72,1.203,1765422127923,False
2661524376,3201.73,0.033,1765422127923,False
2661524377,3201.74,0.025,1765422127923,False
2661524378,3201.75,0.350,1765422127923,False
2661524379,3201.76,0.072,1765422127923,False
2661524380,3201.77,0.022,1765422127923,False
2661524381,3201.78,8.444,1765422127923,False
2661524382,3201.77,10.102,1765422127950,True
2661524383,3201.78,0.366,1765422128004,False
2661524384,3201.77,1.028,1765422128046,True
2661524385,3201.76,0.007,1765422128132,True
2661524386,3201.75,0.007,1765422128132,True
2661524387,3201.74,0.036,1765422128132,True
2661524388,3201.70,0.036,1765422128133,True
2661524389,3201.68,0.013,1765422128134,True
2661524390,3201.67,0.020,1765422128134,True
2661524391,3201.66,0.008,1765422128134,True
2661524392,3201.63,0.044,1765422128134,True
2661524393,3201.60,0.035,1765422128134,True
2661524394,3201.59,0.036,1765422128134,True
2661524395,3201.58,0.090,1765422128134,True
2661524396,3201.57,0.028,1765422128134,True
2661524397,3201.56,3.370,1765422128134,True
2661524398,3201.55,0.049,1765422128134,True
2661524399,3201.54,0.013,1765422128134,True
2661524400,3201.53,0.008,1765422128134,True
2661524401,3201.52,0.036,1765422128134,True
2661524402,3201.51,0.049,1765422128134,True
2661524403,3201.50,0.008,1765422128134,True
2661524404,3201.49,0.013,1765422128134,True
2661524405,3201.48,0.008,1765422128134,True
2661524406,3201.47,0.057,1765422128136,True
2661524407,3201.45,0.025,1765422128136,True
2661524408,3201.44,0.033,1765422128136,True
2661524409,3201.42,0.015,1765422128136,True
2661524410,3201.41,0.049,1765422128136,True
2661524411,3201.39,0.456,1765422128136,True
2661524412,3201.38,0.247,1765422128136,True
2661524413,3201.36,0.051,1765422128136,True
2661524414,3201.33,0.989,1765422128136,True
2661524415,3201.32,35.885,1765422128136,True
2661524416,3201.31,0.006,1765422128139,False
2661524417,3201.30,0.014,1765422128144,True
2661524418,3201.29,0.022,1765422128144,True
2661524419,3201.27,0.169,1765422128144,True
2661524420,3201.26,0.368,1765422128144,True
2661524421,3201.27,2.252,1765422128146,False
2661524422,3201.26,0.156,1765422128148,True
2661524423,3201.22,0.036,1765422128171,True
2661524424,3201.21,0.013,1765422128171,True
2661524425,3201.18,0.021,1765422128171,True
2661524426,3201.17,0.036,1765422128171,True
2661524427,3201.15,0.028,1765422128171,True
2661524428,3201.13,0.043,1765422128171,True
2661524429,3201.12,0.049,1765422128171,True
2661526123,3196.06,0.008,1765422131048,True
2661526124,3196.05,12.278,1765422131048,True
2661526125,3196.70,6.390,1765422131048,False
2661526126,3196.05,1.000,1765422131048,True
2661526127,3196.70,13.846,1765422131048,False
2661526128,3196.05,4.257,1765422131048,True
2661526129,3196.04,0.297,1765422131049,True
2661526130,3196.02,0.030,1765422131049,True
2661526131,3196.01,2.613,1765422131049,True
2661526132,3196.70,1.238,1765422131049,False
2661526133,3196.01,1.329,1765422131049,True
2661526134,3196.00,4.031,1765422131049,True
2661526135,3195.99,1.759,1765422131049,True
2661526136,3196.70,1.004,1765422131049,False
2661526137,3195.99,10.873,1765422131049,True
2661526138,3196.70,0.200,1765422131049,False
2661526139,3195.99,4.493,1765422131049,True
2661526140,3196.70,0.046,1765422131049,False
2661526141,3195.99,0.196,1765422131049,True
2661526142,3195.95,0.008,1765422131049,True
2661526143,3195.94,0.017,1765422131049,True
2661526144,3195.93,0.173,1765422131049,True
2661526145,3195.92,0.013,1765422131049,True
2661526146,3195.91,0.064,1765422131049,True
2661526147,3195.90,5.142,1765422131049,True
2661526148,3195.89,0.054,1765422131050,True
2661526149,3195.86,0.625,1765422131050,True
2661526150,3195.85,4.574,1765422131050,True
2661526151,3195.84,8.486,1765422131050,True
2661526152,3196.53,0.724,1765422131050,True
2661526153,3196.70,0.956,1765422131050,False
2661526154,3196.53,3.678,1765422131050,True
2661526155,3195.84,2.881,1765422131050,True
2661526156,3196.26,0.007,1765422131050,True
2661526157,3195.84,0.093,1765422131050,True
2661526158,3196.70,0.371,1765422131050,False
2661526159,3195.84,10.981,1765422131050,True
2661526160,3195.83,0.024,1765422131051,True
2661526161,3195.82,10.010,1765422131051,True
2661526162,3195.81,2.172,1765422131051,True
2661526163,3195.80,0.223,1765422131051,True
2661526164,3195.79,0.008,1765422131051,True
2661526165,3195.78,0.100,1765422131051,True
2661526166,3195.76,0.043,1765422131051,True
2661526167,3195.75,0.790,1765422131051,True
2661526168,3195.73,0.288,1765422131051,True
2661526169,3195.72,12.506,1765422131051,True
2661526170,3196.58,8.833,1765422131051,True
2661526171,3196.70,0.372,1765422131051,False
2661526172,3196.58,9.255,1765422131051,True
2661526173,3196.70,2.462,1765422131052,False
2661526174,3196.58,1.000,1765422131052,True
2661526175,3196.70,0.100,1765422131052,False
2661526176,3196.58,11.440,1765422131052,True
2661526177,3196.20,0.007,1765422131052,True
2661526178,3195.72,1.742,1765422131052,True
2661526179,3196.70,0.369,1765422131052,False
2661526180,3195.72,3.291,1765422131052,True
2661526181,3195.71,0.670,1765422131052,True
2661526182,3195.70,0.705,1765422131052,True
2661526183,3195.69,4.729,1765422131052,True
2661526184,3195.68,0.166,1765422131052,True
2661526185,3195.67,26.789,1765422131052,True
2661526186,3195.66,0.007,1765422131052,True
2661526187,3195.65,8.043,1765422131052,True
2661526188,3195.64,0.123,1765422131052,True
2661526189,3195.63,0.224,1765422131052,True
2661526190,3195.62,0.033,1765422131052,True
2661526191,3195.61,0.021,1765422131053,True
2661526192,3195.60,0.380,1765422131053,True
2661526193,3195.59,1.355,1765422131053,True
2661526194,3195.58,10.838,1765422131053,True
2661526195,3196.70,1.000,1765422131053,False
2661526196,3195.58,5.293,1765422131053,True
2661526197,3195.57,0.342,1765422131053,True
2661526198,3195.56,0.002,1765422131053,True
2661526199,3195.55,55.364,1765422131053,True
2661526200,3195.54,25.452,1765422131053,True
2661526201,3195.53,4.753,1765422131053,True
2661526202,3195.52,0.938,1765422131053,True
2661526203,3195.51,0.438,1765422131053,True
2661526204,3195.50,0.904,1765422131053,True
2661526205,3195.49,2.045,1765422131053,True
2661526206,3195.48,1.273,1765422131053,True
2661526207,3196.70,0.166,1765422131054,False
2661526208,3195.48,0.280,1765422131054,True
2661526209,3195.47,1.059,1765422131054,True
2661526210,3196.70,3.149,1765422131054,False
2661526211,3195.47,3.226,1765422131054,True
2661526212,3196.70,3.406,1765422131054,False
2661526213,3195.47,0.379,1765422131054,True
2661526214,3196.70,0.014,1765422131054,False
2661526215,3195.47,2.125,1765422131054,True
2661526216,3195.46,0.009,1765422131054,True
2661526217,3195.45,2.607,1765422131054,True
2661526218,3195.43,0.776,1765422131054,True
2661526219,3196.70,0.688,1765422131054,False
2661526220,3195.43,3.000,1765422131054,True
2661526221,3196.70,2.875,1765422131054,False
2661526222,3195.43,2.653,1765422131054,True
2661526223,3195.42,1.346,1765422131054,True
2661526224,3196.70,0.911,1765422131054,False
2661526225,3195.42,4.154,1765422131054,True
2661526226,3196.59,1.340,1765422131055,True
2661526227,3195.42,10.564,1765422131055,True
2661526228,3195.41,7.639,1765422131055,True
2661526229,3195.40,0.037,1765422131055,True
2661526230,3195.39,13.935,1765422131055,True
2661526231,3196.14,3.006,1765422131055,True
2661526232,3196.70,0.020,1765422131055,False
2661526233,3196.14,0.873,1765422131055,True
2661526234,3196.56,2.005,1765422131055,True
2661526235,3196.70,0.300,1765422131055,False
2661526236,3196.56,0.522,1765422131055,True
2661526237,3196.70,4.057,1765422131055,False
2661526238,3196.64,0.042,1765422131055,True
2661526239,3196.70,0.322,1765422131055,False
2661526240,3196.64,0.270,1765422131055,True
2661526241,3196.56,1.461,1765422131055,True
2661526242,3196.63,0.625,1765422131055,True
2661526243,3196.56,11.651,1765422131055,True
2661526244,3196.54,2.233,1765422131055,True
2661526245,3196.14,1.927,1765422131055,True
2661526246,3195.84,6.254,1765422131055,True
2661526247,3195.39,3.683,1765422131055,True
2661526248,3195.37,3.942,1765422131055,True
2661526249,3195.36,9.249,1765422131055,True
2661526250,3196.70,0.736,1765422131056,False
2661526251,3195.86,0.309,1765422131056,True
2661526252,3196.66,5.699,1765422131056,False
2661526253,3196.70,5.739,1765422131056,False
2661526254,3196.57,0.312,1765422131056,True
2661526255,3196.23,12.511,1765422131056,True
2661526256,3195.86,10.177,1765422131056,True
2661526257,3196.70,1.217,1765422131056,False
2661526258,3196.67,4.317,1765422131056,False
2661526259,3196.71,8.205,1765422131056,True
2661526260,3195.86,6.925,1765422131056,True
2661526261,3195.81,6.253,1765422131056,True
2661526262,3195.76,0.198,1765422131056,True
2661526263,3195.36,4.211,1765422131056,True
2661526264,3195.35,3.957,1765422131056,True
2661526265,3195.34,5.295,1765422131056,True
2661526266,3195.33,0.098,1765422131056,True
2661526267,3195.32,0.014,1765422131056,True
2661526268,3195.31,1.239,1765422131056,True
2661526269,3195.30,1.924,1765422131056,True
2661526270,3195.29,0.681,1765422131056,True
2661526271,3197.24,0.070,1765422131056,False
2661526272,3197.57,0.330,1765422131056,False
2661526273,3197.24,0.687,1765422131056,True
2661526274,3195.29,0.209,1765422131056,True
2661526275,3195.28,0.091,1765422131056,True
2661526276,3195.27,1.737,1765422131056,True
2661526277,3197.57,0.187,1765422131057,False
2661526278,3196.20,0.008,1765422131057,True
2661526279,3195.99,8.085,1765422131057,True
2661526280,3195.27,2.934,1765422131057,True
2661526281,3195.26,2.790,1765422131057,True
2661526282,3195.27,12.511,1765422131057,True
2661526283,3195.26,13.486,1765422131057,True
2661526284,3195.25,0.049,1765422131057,True
2661526285,3195.24,10.339,1765422131057,True
2661526286,3195.23,0.049,1765422131057,True
2661526287,3195.22,0.022,1765422131057,True
2661526288,3195.21,3.957,1765422131057,True
2661526289,3195.20,2.397,1765422131057,True
2661526290,3195.19,0.143,1765422131057,True
2661526291,3195.18,2.233,1765422131057,True
2661526292,3196.83,1.088,1765422131057,True
2661526293,3196.42,0.350,1765422131057,True
2661526294,3196.67,2.282,1765422131057,True
2661526295,3196.42,0.104,1765422131057,True
2661526296,3197.57,1.179,1765422131057,False
2661526297,3196.42,0.152,1765422131057,True
2661526298,3197.57,1.279,1765422131057,False
2661526299,3196.42,0.620,1765422131057,True
2661526300,3197.57,8.731,1765422131057,False
2661526301,3197.59,1.981,1765422131057,False
2661526302,3196.42,0.384,1765422131057,True
2661526303,3197.59,0.001,1765422131057,False
2661526304,3196.42,0.010,1765422131057,True
2661526305,3197.59,0.500,1765422131057,False
2661526306,3196.42,1.506,1765422131057,True
2661526307,3196.11,0.625,1765422131057,True
2661526308,3195.18,1.305,1765422131057,True
2661526309,3197.59,1.497,1765422131057,False
2661526310,3197.68,2.403,1765422131057,False
2661526311,3195.18,1.274,1765422131057,True
2661526312,3195.17,0.007,1765422131057,True
2661526313,3195.16,0.329,1765422131057,True
2661526314,3195.15,1.385,1765422131057,True
2661526315,3197.68,1.554,1765422131058,False
2661526316,3197.70,0.014,1765422131058,False
2661526317,3196.48,0.093,1765422131058,True
2661526318,3197.69,1.128,1765422131058,False
2661526319,3196.65,1.134,1765422131058,True
2661526320,3196.48,0.219,1765422131058,True
2661526321,3195.15,2.976,1765422131058,True
2661526322,3195.14,0.151,1765422131058,True
2661526323,3195.12,0.447,1765422131058,True
2661526324,3195.10,1.542,1765422131058,True
2661526325,3195.09,0.216,1765422131058,True
2661526326,3195.08,1.202,1765422131058,True
2661526327,3195.07,2.298,1765422131058,True
2661526328,3197.69,8.638,1765422131058,False
2661526329,3197.71,0.008,1765422131058,False
2661526330,3197.74,0.038,1765422131058,False
2661526331,3197.78,0.038,1765422131058,False
2661526332,3197.79,1.372,1765422131058,False
2661526333,3197.81,0.398,1765422131058,False
2661526334,3197.82,0.436,1765422131058,False
2661526335,3197.84,0.398,1765422131058,False
2661526336,3197.85,0.398,1765422131058,False
2661526337,3197.86,1.808,1765422131058,False
2661526338,3197.87,9.766,1765422131058,False
2661526339,3197.89,1.702,1765422131058,False
2661526340,3195.07,0.029,1765422131058,True
2661526341,3196.01,0.348,1765422131058,True
2661526342,3195.07,1.325,1765422131058,True
2661526343,3195.06,1.841,1765422131058,True
2661526344,3196.66,4.070,1765422131058,True
2661526345,3196.17,3.128,1765422131058,True
2661526346,3195.59,7.898,1765422131058,True
2661526347,3196.67,1.545,1765422131058,False
2661526348,3197.54,9.448,1765422131058,False
2661526349,3197.70,1.372,1765422131058,False
2661526350,3197.89,2.052,1765422131058,False
2661526351,3196.93,0.007,1765422131058,True
2661526352,3195.59,4.613,1765422131058,True
2661526353,3195.10,9.562,1765422131058,True
2661526354,3196.69,0.038,1765422131058,False
2661526355,3197.89,0.031,1765422131058,False
2661526356,3195.10,6.479,1765422131058,True
2661526357,3195.06,15.785,1765422131058,True
2661526358,3195.05,5.542,1765422131058,True
2661526359,3195.04,116.084,1765422131058,True
2661526360,3195.03,4.530,1765422131058,True
2661526361,3195.02,0.146,1765422131058,True
2661526362,3195.01,4.043,1765422131058,True
2661526363,3195.00,58.566,1765422131058,True
2661526364,3196.66,0.031,1765422131059,True
2661526365,3196.80,3.126,1765422131059,True
2661526366,3196.66,6.114,1765422131059,True
2661526367,3195.91,2.240,1765422131059,True
2661526368,3196.66,1.134,1765422131059,True
2661526369,3195.91,0.888,1765422131059,True
2661526370,3195.07,12.511,1765422131059,True
2661526371,3195.00,4.716,1765422131059,True
2661526372,3196.21,0.456,1765422131059,True
2661526373,3196.89,0.038,1765422131059,False
2661526374,3196.21,4.115,1765422131059,True
2661526375,3197.89,4.941,1765422131059,False
2661526376,3196.21,0.342,1765422131059,True
2661526377,3195.45,0.280,1765422131059,True
2661526378,3197.88,0.031,1765422131059,False
2661526379,3195.45,12.880,1765422131059,True
2661526380,3197.88,0.241,1765422131059,False
2661526381,3196.67,1.134,1765422131059,True
2661526382,3195.45,1.743,1765422131059,True
2661526383,3197.88,2.000,1765422131059,False
2661526384,3195.45,9.905,1765422131059,True
2661526385,3196.70,0.583,1765422131060,True
2661526386,3196.77,0.038,1765422131060,False
2661526387,3196.81,0.038,1765422131060,False
2661526388,3196.93,0.038,1765422131060,False
2661526389,3197.01,0.038,1765422131060,False
2661526390,3197.09,0.038,1765422131060,False
2661526391,3197.13,0.035,1765422131060,False
2661526392,3196.77,0.114,1765422131060,True
2661526393,3197.13,0.003,1765422131060,False
2661526394,3197.17,0.038,1765422131060,False
2661526395,3197.21,0.038,1765422131060,False
2661526396,3197.37,0.038,1765422131060,False
2661526397,3197.45,0.038,1765422131060,False
2661526398,3197.50,0.001,1765422131060,False
2661526399,3196.77,0.084,1765422131060,True
2661526400,3196.70,2.535,1765422131060,True
2661526401,3196.97,0.038,1765422131060,False
2661526402,3197.50,0.037,1765422131060,False
2661526403,3197.61,0.038,1765422131060,False
2661526404,3197.88,7.176,1765422131060,False
2661526405,3197.89,4.540,1765422131060,False
2661526406,3197.90,0.038,1765422131060,False
2661526407,3197.94,2.351,1765422131060,False
2661526408,3196.70,2.996,1765422131060,True
2661526409,3197.24,0.687,1765422131060,True
2661526410,3196.72,6.254,1765422131060,True
2661526411,3196.70,0.129,1765422131060,True
2661526412,3197.94,0.206,1765422131060,False
2661526413,3196.70,1.856,1765422131060,True
2661526414,3197.94,0.601,1765422131060,False
2661526415,3197.95,1.424,1765422131060,False
2661526416,3196.70,37.191,1765422131060,True
2661526417,3196.66,29.363,1765422131060,True
2661526418,3197.65,0.009,1765422131060,False
2661526419,3196.75,1.134,1765422131060,True
2661526420,3196.66,6.647,1765422131060,True
2661526421,3196.58,0.205,1765422131060,True
2661526422,3197.40,0.007,1765422131060,False
2661526423,3197.41,0.007,1765422131061,False
2661526424,3197.65,0.029,1765422131061,False
2661526425,3197.15,0.007,1765422131061,False
2661526426,3197.28,0.007,1765422131061,False
2661526427,3197.95,0.039,1765422131061,False
2661526428,3196.58,0.419,1765422131061,True
2661526429,3196.24,0.062,1765422131061,True
2661526430,3196.02,1.997,1765422131061,True
2661526431,3195.59,1.264,1765422131061,True
2661526432,3196.70,7.959,1765422131061,True
2661526433,3197.95,0.132,1765422131061,False
2661526434,3196.70,13.189,1765422131061,True
2661526435,3195.80,0.088,1765422131061,True
2661526436,3197.10,0.007,1765422131061,False
2661526437,3197.54,0.007,1765422131061,False
2661526438,3197.95,2.362,1765422131061,False
2661526439,3197.96,13.405,1765422131061,False
2661526440,3197.97,3.622,1765422131061,False
2661526441,3195.80,2.000,1765422131061,True
2661526442,3197.97,0.018,1765422131061,False
2661526443,3196.70,1.000,1765422131061,True
2661526444,3197.97,0.169,1765422131061,False
2661526445,3196.70,20.148,1765422131061,True
2661526446,3196.60,0.038,1765422131061,True
2661526447,3195.85,0.009,1765422131061,True
2661526448,3195.80,5.991,1765422131061,True
2661526449,3195.59,1.864,1765422131061,True
2661526450,3195.45,0.669,1765422131061,True
2661526451,3197.97,0.032,1765422131061,False
2661526452,3197.18,0.040,1765422131061,True
2661526453,3195.45,5.167,1765422131061,True
2661526454,3196.66,5.498,1765422131061,True
2661526455,3197.97,0.210,1765422131061,False
2661526456,3197.24,0.687,1765422131061,True
2661526457,3197.22,0.362,1765422131061,True
2661526458,3196.66,0.756,1765422131061,True
2661526459,3195.45,4.086,1765422131061,True
2661526460,3195.15,0.007,1765422131061,True
2661526461,3195.08,0.625,1765422131061,True
2661526462,3195.00,20.442,1765422131061,True
2661526463,3197.02,0.007,1765422131061,False
2661526464,3197.97,2.993,1765422131061,False
2661526465,3195.00,1.428,1765422131061,True
2661526466,3197.90,1.492,1765422131062,False
2661526467,3196.64,0.038,1765422131062,True
2661526468,3195.00,29.962,1765422131062,True
2661526469,3197.25,0.038,1765422131062,False
2661526470,3197.90,1.340,1765422131062,False
2661526471,3195.00,1.000,1765422131062,True
2661526472,3197.90,0.059,1765422131062,False
2661526473,3195.00,9.323,1765422131062,True
2661526474,3197.90,0.125,1765422131062,False
2661526475,3195.00,0.041,1765422131062,True
2661526476,3197.90,6.750,1765422131062,False
2661526477,3197.97,2.722,1765422131062,False
2661526478,3197.98,9.766,1765422131062,False
2661526479,3197.99,9.766,1765422131062,False
2661526480,3198.00,46.841,1765422131062,False
2661526481,3198.01,0.015,1765422131062,False
2661526482,3198.00,2.328,1765422131062,True
2661526483,3196.70,7.562,1765422131062,True
2661526484,3195.00,218.855,1765422131062,True
2661526485,3195.07,0.271,1765422131062,True
2661526486,3195.00,6.480,1765422131062,True
2661526487,3196.75,0.009,1765422131062,False
2661526488,3195.00,6.970,1765422131062,True
2661526489,3196.70,6.605,1765422131062,True
2661526490,3196.75,2.853,1765422131062,False
2661526491,3196.70,5.703,1765422131062,True
2661526492,3197.33,0.038,1765422131062,False
2661526493,3197.49,0.038,1765422131062,False
2661526494,3197.53,0.038,1765422131062,False
2661526495,3197.60,0.083,1765422131062,False
2661526496,3196.70,3.377,1765422131062,True
2661526497,3195.00,11.764,1765422131062,True
2661526498,3197.60,0.187,1765422131063,False
2661526499,3195.00,0.478,1765422131063,True
2661526500,3197.60,9.496,1765422131063,False
2661526501,3197.67,0.007,1765422131063,False
2661526502,3197.70,0.007,1765422131063,False
2661526503,3197.78,9.766,1765422131063,False
2661526504,3197.88,0.007,1765422131063,False
2661526505,3198.00,3.957,1765422131063,False
2661526506,3198.01,0.023,1765422131063,False
2661526507,3198.04,7.870,1765422131063,False
2661526508,3195.00,3.806,1765422131063,True
2661526509,3198.04,0.029,1765422131063,False
2661526510,3195.00,19.205,1765422131063,True
2661526511,3196.44,6.254,1765422131063,True
2661526512,3195.00,11.149,1765422131063,True
2661526513,3195.87,0.038,1765422131063,True
2661526514,3195.00,34.482,1765422131063,True
2661526515,3197.41,0.038,1765422131063,False
2661526516,3198.00,0.271,1765422131063,False
2661526517,3195.00,7.629,1765422131063,True
2661526518,3195.91,0.038,1765422131063,True
2661526519,3195.00,0.761,1765422131063,True
2661526520,3196.62,0.135,1765422131063,False
2661526521,3195.00,8.000,1765422131063,True
2661526522,3196.62,0.097,1765422131064,False
2661526523,3196.59,4.768,1765422131064,False
2661526524,3196.95,0.007,1765422131064,False
2661526525,3197.25,0.007,1765422131071,False
2661526526,3197.29,0.038,1765422131071,False
2661526527,3197.40,0.007,1765422131071,False
2661526528,3197.50,0.047,1765422131071,False
2661526529,3197.55,0.007,1765422131071,False
2661526530,3197.56,12.511,1765422131071,False
2661526531,3197.57,0.038,1765422131072,False
2661526532,3197.60,0.007,1765422131072,False
2661526533,3197.69,0.038,1765422131072,False
2661526534,3197.70,0.007,1765422131072,False
2661526535,3197.73,0.010,1765422131072,False
2661526536,3197.74,0.007,1765422131072,False
2661526537,3197.36,1.010,1765422131074,True
2661526538,3197.53,0.909,1765422131087,False
2661526539,3197.45,3.128,1765422131092,False
2661526540,3197.60,0.007,1765422131092,False
2661526541,3197.62,0.010,1765422131092,False
2661526542,3197.75,0.009,1765422131092,False
2661526543,3197.36,17.935,1765422131093,True
2661526544,3197.25,1.575,1765422131093,True
2661526545,3197.24,11.704,1765422131093,True
2661526546,3197.41,2.104,1765422131093,False
2661526547,3197.25,0.247,1765422131095,False
2661526548,3197.41,4.752,1765422131095,False
2661526549,3197.48,0.156,1765422131095,False
2661526550,3197.57,0.166,1765422131095,False
2661526551,3197.59,18.454,1765422131095,False
2661526552,3197.59,0.010,1765422131097,True
2661526553,3197.65,0.013,1765422131097,False
2661526554,3197.68,0.013,1765422131097,False
2661526555,3197.73,0.038,1765422131097,False
2661526556,3197.78,0.413,1765422131097,False
2661526557,3197.62,0.002,1765422131099,True
2661526558,3197.77,0.038,1765422131099,False
2661526559,3197.78,2.566,1765422131099,False
2661526560,3197.62,0.031,1765422131099,True
2661526561,3197.78,0.395,1765422131099,False
2661526562,3197.62,4.468,1765422131099,True
2661526563,3197.59,5.089,1765422131100,True
2661526564,3197.58,0.010,1765422131100,True
2661526565,3197.56,6.328,1765422131100,True
2661526566,3197.24,16.921,1765422131100,True
2661526567,3197.22,1.892,1765422131100,True
2661526568,3197.10,0.626,1765422131100,True
2661526569,3197.04,8.303,1765422131100,True
2661526570,3196.95,0.400,1765422131100,True
2661526571,3196.93,2.000,1765422131100,True
2661526572,3196.90,0.344,1765422131100,True
2661526573,3196.89,0.027,1765422131100,True
2661526574,3196.85,3.506,1765422131100,True
2661526575,3196.84,0.012,1765422131100,True
2661526576,3196.83,0.625,1765422131100,True
2661526577,3196.78,0.038,1765422131100,True
2661526578,3196.77,0.312,1765422131100,True
2661526579,3196.74,0.350,1765422131100,True
2661526580,3196.70,51.043,1765422131100,True
2661526581,3197.78,0.013,1765422131100,False
2661526582,3196.70,0.180,1765422131100,True
2661526583,3197.78,11.330,1765422131100,False
2661526584,3196.70,6.994,1765422131100,True
2661526585,3196.69,1.814,1765422131100,True
2661526586,3196.66,1.160,1765422131100,True
2661526587,3196.65,2.045,1765422131100,True
2661526588,3196.64,5.910,1765422131100,True
2661526589,3196.61,5.910,1765422131100,True
2661526590,3196.59,2.045,1765422131100,True
2661526591,3196.58,2.397,1765422131100,True
2661526592,3196.57,0.007,1765422131100,True
2661526593,3196.55,1.141,1765422131100,True
2661526594,3196.54,10.171,1765422131100,True
2661526595,3196.81,0.038,1765422131101,False
2661526596,3196.93,0.038,1765422131101,False
2661526597,3197.42,0.008,1765422131101,False
2661526598,3197.50,0.038,1765422131101,False
2661526599,3197.52,1.812,1765422131101,False
2661526600,3196.54,0.410,1765422131101,True
2661526601,3197.52,0.201,1765422131101,False
2661526602,3197.36,9.766,1765422131102,False
2661526603,3197.37,0.038,1765422131104,False
2661526604,3197.45,0.038,1765422131104,False
2661526605,3197.61,0.038,1765422131104,False
2661526606,3197.70,1.526,1765422131104,False
2661526607,3197.29,1.173,1765422131106,False
2661526608,3197.25,1.010,1765422131107,False
2661526609,3197.29,4.803,1765422131107,False
2661526610,3197.23,0.562,1765422131112,True
2661526611,3197.24,0.875,1765422131112,False
2661526612,3197.25,4.292,1765422131112,False
2661526613,3197.24,0.013,1765422131113,True
2661526614,3197.23,1.531,1765422131113,True
2661526615,3197.25,3.158,1765422131115,False
2661526616,3197.24,0.045,1765422131118,True
2661526617,3197.25,6.085,1765422131118,False
2661526618,3197.24,0.161,1765422131119,True
2661526619,3197.25,28.742,1765422131119,False
2661526620,3197.24,1.595,1765422131128,True
2661526621,3197.25,10.693,1765422131142,False
2661526622,3197.24,0.625,1765422131146,True
2661526623,3197.25,19.809,1765422131146,False
2661526624,3197.33,0.038,1765422131148,False
2661526625,3197.35,0.007,1765422131148,False
2661526626,3197.37,0.050,1765422131148,False
2661526627,3197.40,12.340,1765422131148,False
2661526628,3197.41,0.038,1765422131152,False
2661526629,3197.43,0.017,1765422131152,False
2661526630,3197.45,0.013,1765422131152,False
2661526631,3197.46,0.038,1765422131152,False
2661526632,3197.48,0.013,1765422131152,False
2661526633,3197.49,0.038,1765422131152,False
2661526634,3197.52,0.247,1765422131152,False
2661526635,3197.53,1.953,1765422131152,False
2661526636,3197.54,0.638,1765422131152,False
2661526637,3197.56,0.713,1765422131152,False
2661526638,3197.57,0.038,1765422131152,False
2661526639,3197.59,0.172,1765422131152,False
2661526640,3197.63,0.244,1765422131153,False
2661526641,3197.65,0.093,1765422131154,False
2661526642,3197.67,0.013,1765422131154,False
2661526643,3197.68,0.045,1765422131154,False
2661526644,3197.69,0.038,1765422131154,False
2661526645,3197.70,0.066,1765422131154,False
2661526646,3197.73,1.967,1765422131154,False
2661526647,3197.74,0.572,1765422131154,False
2661526648,3197.75,0.783,1765422131154,False
2661526649,3197.76,0.278,1765422131154,False
2661526650,3197.78,0.275,1765422131154,False
2661526651,3197.79,0.973,1765422131155,False
2661526652,3197.73,0.038,1765422131155,False
2661526653,3197.76,0.078,1765422131155,False
2661526654,3197.75,6.392,1765422131161,False
2661526655,3197.72,0.236,1765422131166,True
2661526656,3197.75,4.276,1765422131168,False
2661526657,3197.72,0.015,1765422131168,True
2661526658,3197.77,0.038,1765422131170,False
2661526659,3197.79,0.062,1765422131170,False
2661526660,3197.81,0.038,1765422131170,False
2661526661,3197.84,0.010,1765422131170,False
2661526662,3197.85,0.038,1765422131170,False
2661526663,3197.87,0.015,1765422131170,False
2661526664,3197.88,0.007,1765422131170,False
2661526665,3197.89,0.038,1765422131170,False
2661526666,3197.90,0.008,1765422131170,False
2661526667,3197.93,1.220,1765422131170,False
2661526668,3197.85,0.007,1765422131170,True
2661526669,3197.93,6.267,1765422131171,False
2661526670,3197.85,0.016,1765422131172,True
2661526671,3197.93,4.238,1765422131172,False
2661526672,3197.85,0.020,1765422131174,True
2661526673,3197.86,0.013,1765422131178,False
2661526674,3197.93,0.388,1765422131178,False
2661526675,3197.94,5.299,1765422131178,False
2661526676,3197.85,6.264,1765422131185,True
2661526677,3197.93,1.458,1765422131206,False
2661526678,3197.85,38.611,1765422131208,True
2661526679,3197.93,10.253,1765422131215,False
2661526680,3197.90,0.045,1765422131222,True
2661526681,3197.96,2.340,1765422131224,False
2661526682,3197.97,0.038,1765422131224,False
2661526683,3197.98,1.243,1765422131224,False
2661526684,3197.99,0.080,1765422131224,False
2661526685,3198.00,2.136,1765422131224,False
2661526686,3198.01,0.051,1765422131225,False
2661526687,3198.02,0.320,1765422131225,False
2661526688,3198.03,0.008,1765422131225,False
2661526689,3198.04,0.007,1765422131225,False
2661526690,3198.06,0.056,1765422131225,False
2661526691,3198.09,0.547,1765422131225,False
2661526692,3197.99,0.020,1765422131227,True
2661526693,3198.09,0.702,1765422131229,False
2661526694,3198.07,0.010,1765422131234,False
2661526695,3198.05,1.115,1765422131235,True
2661526696,3198.09,2.648,1765422131239,False
2661526697,3198.10,0.007,1765422131239,False
2661526698,3198.11,0.038,1765422131239,False
2661526699,3198.12,0.021,1765422131239,False
2661526700,3198.14,0.084,1765422131239,False
2661526701,3198.15,0.045,1765422131239,False
2661526702,3198.16,0.015,1765422131239,False
2661526703,3198.17,0.010,1765422131239,False
2661526704,3198.19,0.053,1765422131239,False
2661526705,3198.21,0.020,1765422131247,False
2661526706,3198.22,0.008,1765422131247,False
2661526707,3198.23,0.038,1765422131247,False
2661526708,3198.24,0.313,1765422131247,False
2661526709,3198.25,11.832,1765422131247,False
2661526710,3198.27,0.380,1765422131247,False
2661526711,3198.28,0.008,1765422131247,False
2661526712,3198.30,0.037,1765422131247,False
2661526713,3198.31,0.038,1765422131247,False
2661526714,3198.32,0.387,1765422131247,False
2661526715,3198.33,0.955,1765422131247,False
2661526716,3198.34,0.026,1765422131247,False
2661526717,3198.35,0.046,1765422131247,False
2661526718,3198.36,0.638,1765422131247,False
2661526719,3198.38,0.015,1765422131247,False
2661526720,3198.39,0.360,1765422131247,False
2661526721,3198.40,0.343,1765422131247,False
2661526722,3198.41,0.008,1765422131247,False
2661526723,3198.43,0.038,1765422131247,False
2661526724,3198.44,3.968,1765422131247,False
2661526725,3198.45,0.014,1765422131247,False
2661526726,3198.46,0.189,1765422131247,False
2661526727,3198.47,0.400,1765422131247,False
2661526728,3198.48,0.008,1765422131247,False
2661526729,3198.50,0.400,1765422131247,False
2661526730,3198.51,4.464,1765422131247,False
2661526731,3198.53,1.280,1765422131247,False
2661526732,3198.54,0.015,1765422131247,False
2661526733,3198.55,0.045,1765422131247,False
2661526734,3198.56,18.099,1765422131247,False
2661526735,3198.57,0.008,1765422131247,False
2661526736,3198.58,0.376,1765422131247,False
2661526737,3198.59,1.300,1765422131247,False
2661526738,3198.60,0.022,1765422131247,False
2661526739,3198.62,0.048,1765422131247,False
2661526740,3198.63,0.038,1765422131247,False
2661526741,3198.64,0.008,1765422131247,False
2661526742,3198.65,0.010,1765422131247,False
2661526743,3198.66,1.906,1765422131247,False
2661526744,3198.67,0.984,1765422131247,False
2661526745,3198.68,0.015,1765422131247,False
2661526746,3198.70,0.008,1765422131247,False
2661526747,3198.71,0.905,1765422131247,False
2661526748,3198.13,0.020,1765422131252,True
2661526749,3198.25,5.595,1765422131253,False
2661526750,3198.44,1.434,1765422131253,False
2661526751,3198.13,0.007,1765422131260,True
2661526752,3198.30,0.016,1765422131261,False
2661526753,3198.44,1.522,1765422131261,False
2661526754,3198.56,10.742,1765422131261,False
2661526755,3198.71,0.007,1765422131261,False
2661526756,3198.72,0.017,1765422131261,False
2661526757,3198.73,0.008,1765422131261,False
2661526758,3198.75,0.054,1765422131261,False
2661526759,3198.76,0.008,1765422131261,False
2661526760,3198.77,0.706,1765422131261,False
2661526761,3198.13,0.065,1765422131262,True
2661526762,3198.49,0.062,1765422131267,False
2661526763,3198.54,0.016,1765422131267,False
2661526764,3198.58,0.016,1765422131267,False
2661526765,3198.77,0.226,1765422131267,False
2661526766,3198.24,0.290,1765422131268,False
2661526767,3198.22,2.080,1765422131271,True
2661526768,3198.24,0.351,1765422131275,False
2661526769,3198.40,0.016,1765422131275,False
2661526770,3198.68,1.564,1765422131275,False
2661526771,3198.72,0.007,1765422131275,False
2661526772,3198.73,3.062,1765422131275,False
2661526773,3198.28,0.007,1765422131278,False
2661526774,3198.40,2.381,1765422131282,True
2661526775,3198.45,2.027,1765422131291,False
2661526776,3198.43,0.127,1765422131300,True
2661526777,3198.45,7.780,1765422131300,False
2661526778,3198.43,3.704,1765422131305,True
2661526779,3198.45,0.009,1765422131319,False
2661526780,3198.43,0.074,1765422131322,True
2661526781,3198.45,1.250,1765422131326,False
2661526782,3198.43,4.221,1765422131330,True
2661526783,3198.44,24.019,1765422131355,False
2661526784,3198.45,6.091,1765422131355,False
2661526785,3198.45,24.622,1765422131363,True
2661526786,3198.44,42.293,1765422131366,True
2661526787,3198.45,7.788,1765422131374,True
2661526788,3198.46,0.037,1765422131384,False
2661526789,3198.45,7.279,1765422131387,True
2661526790,3198.46,3.677,1765422131403,False
2661526791,3198.45,0.742,1765422131411,True
2661526792,3198.46,0.100,1765422131429,False
2661526793,3198.45,4.238,1765422131435,True
2661526794,3198.46,0.557,1765422131452,False
2661526795,3198.45,0.084,1765422131454,True
2661526796,3198.46,0.703,1765422131456,False
2661526797,3198.47,5.975,1765422131457,False
2661526798,3198.48,0.053,1765422131466,False
2661526799,3198.49,0.669,1765422131467,True
2661526800,3198.50,0.074,1765422131478,False
2661526801,3198.49,0.100,1765422131481,True
2661526802,3198.50,0.031,1765422131491,False
2661526803,3198.49,0.037,1765422131499,True
2661526804,3198.50,5.822,1765422131503,False
2661526805,3198.51,1.128,1765422131503,False
2661526806,3198.54,0.051,1765422131503,False
2661526807,3198.57,0.013,1765422131503,False
2661526808,3198.58,0.239,1765422131503,False
2661526809,3198.59,0.549,1765422131503,False
2661526810,3198.60,0.014,1765422131503,False
2661526811,3198.61,0.008,1765422131503,False
2661526812,3198.62,0.038,1765422131503,False
2661526813,3198.64,0.008,1765422131503,False
2661526814,3198.65,0.015,1765422131503,False
2661526815,3198.66,0.051,1765422131503,False
2661526816,3198.67,0.008,1765422131503,False
2661526817,3198.69,0.803,1765422131503,False
2661526818,3198.69,0.553,1765422131507,True
2661526819,3198.70,3.000,1765422131540,False
2661526820,3198.69,0.693,1765422131544,True
2661526821,3198.70,2.027,1765422131592,False
2661526822,3198.70,0.162,1765422131593,True
2661526823,3198.71,5.937,1765422131611,False
2661526824,3198.72,0.008,1765422131638,False
2661526825,3198.73,0.115,1765422131638,False
2661526826,3198.74,0.038,1765422131638,False
2661526827,3198.75,0.014,1765422131642,False
2661526828,3198.77,0.133,1765422131642,False
2661526829,3198.78,0.013,1765422131642,False
2661526830,3198.79,0.038,1765422131642,False
2661526831,3198.80,0.100,1765422131643,False
2661526832,3198.81,0.013,1765422131643,False
2661526833,3198.83,0.081,1765422131643,False
2661526834,3198.86,0.008,1765422131645,False
2661526835,3198.87,0.051,1765422131645,False
2661526836,3198.88,0.988,1765422131645,False
2661526837,3198.89,0.205,1765422131646,False
2661526838,3198.89,0.787,1765422131668,True
2661526839,3198.90,0.071,1765422131673,False
2661526840,3198.91,0.007,1765422131673,False
2661526841,3198.92,0.989,1765422131685,False
2661526842,3198.94,0.064,1765422131685,False
2661526843,3198.96,0.319,1765422131685,False
2661526844,3199.00,0.125,1765422131685,False
2661526845,3198.99,0.042,1765422131742,True
2661526846,3199.00,15.515,1765422131751,False
2661526847,3199.01,0.116,1765422131758,False
2661526848,3199.05,0.056,1765422131758,False
2661526849,3199.08,0.963,1765422131765,False
2661526850,3199.09,0.036,1765422131765,False
2661526851,3199.10,0.554,1765422131772,False
2661526852,3199.11,0.026,1765422131780,False
2661526853,3199.12,0.007,1765422131780,False
2661526854,3199.12,0.089,1765422131816,True
2661526855,3199.13,0.056,1765422131818,False
2661526856,3199.14,0.008,1765422131818,False
2661526857,3199.16,0.326,1765422131824,False
2661526858,3199.17,0.049,1765422131829,False
2661526859,3199.20,0.014,1765422131832,False
2661526860,3199.21,0.057,1765422131838,False
2661526861,3199.22,0.021,1765422131842,False
2661526862,3199.24,0.030,1765422131842,False
2661526863,3199.26,0.036,1765422131842,False
2661526864,3199.28,0.113,1765422131853,False
2661526865,3199.29,0.008,1765422131853,False
2661526866,3199.30,0.007,1765422131853,False
2661526867,3199.31,0.049,1765422131853,False
2661526868,3199.34,0.013,1765422131853,False
2661526869,3199.34,0.010,1765422131885,True
2661526870,3199.35,11.922,1765422131898,False
2661526871,3199.36,0.268,1765422131898,False
2661526872,3199.39,0.179,1765422131908,False
2661526873,3199.40,0.043,1765422131908,False
2661526874,3199.44,0.038,1765422131908,False
2661526875,3199.46,0.021,1765422131908,False
2661526876,3199.47,0.015,1765422131908,False
2661526877,3199.48,0.046,1765422131908,False
2661526878,3199.50,1.000,1765422131914,False
2661526879,3199.49,1.417,1765422131918,True
2661526880,3199.50,0.001,1765422131978,False
2661526881,3199.51,20.000,1765422131978,False
2661526882,3199.52,0.038,1765422131978,False
2661526883,3199.53,0.455,1765422131978,False
2661526884,3199.55,0.007,1765422131978,False
2661526885,3199.56,0.571,1765422131978,False
2661526886,3199.58,0.447,1765422131978,False
2661526887,3199.59,3.160,1765422131989,False
2661526888,3199.60,0.045,1765422131991,False
2661526889,3199.61,0.069,1765422131991,False
2661526890,3199.64,0.051,1765422131992,False
2661526891,3199.65,0.007,1765422132002,False
2661526892,3199.67,0.043,1765422132002,False
2661526893,3199.68,0.082,1765422132002,False
2661526894,3199.69,129.698,1765422132004,True
2661526895,3199.69,0.008,1765422132048,False
2661526896,3199.68,0.305,1765422132056,True
2661526897,3199.69,18.934,1765422132061,False
2661526898,3199.68,17.058,1765422132089,True
2661526899,3199.67,0.909,1765422132102,True
2661526900,3199.65,0.014,1765422132102,True
2661526901,3199.62,0.023,1765422132102,True
2661526902,3199.61,0.038,1765422132102,True
2661526903,3199.60,0.013,1765422132102,True
2661526904,3199.59,0.007,1765422132102,True
2661526905,3199.58,0.517,1765422132102,True
2661526906,3199.56,0.007,1765422132102,True
2661526907,3199.55,0.046,1765422132102,True
2661526908,3199.55,3.048,1765422132108,False
2661526909,3199.54,4.438,1765422132108,True
2661526910,3199.55,8.489,1765422132210,False
2661526911,3199.56,0.008,1765422132210,False
2661526912,3199.58,0.038,1765422132210,False
2661526913,3199.62,0.038,1765422132210,False
2661526914,3199.63,0.013,1765422132210,False
2661526915,3199.65,0.007,1765422132210,False
2661526916,3199.66,0.021,1765422132210,False
2661526917,3199.67,0.038,1765422132210,False
2661526918,3199.68,0.156,1765422132210,False
2661526919,3199.70,0.013,1765422132222,False
2661526920,3199.71,0.008,1765422132222,False
2661526921,3199.72,0.038,1765422132222,False
2661526922,3199.74,0.010,1765422132222,False
2661526923,3199.75,0.020,1765422132222,False
2661526924,3199.76,0.122,1765422132222,False
2661526925,3199.75,1.032,1765422132258,True
2661526926,3199.76,0.616,1765422132286,False
2661526927,3199.77,1.344,1765422132293,False
2661526928,3199.78,0.008,1765422132305,False
2661526929,3199.80,0.066,1765422132305,False
2661526930,3199.81,0.014,1765422132305,False
2661526931,3199.82,0.015,1765422132305,False
2661526932,3199.84,0.038,1765422132305,False
2661526933,3199.85,0.015,1765422132305,False
2661526934,3199.87,0.010,1765422132312,True
2661526935,3199.88,0.100,1765422132318,False
2661526936,3199.87,5.000,1765422132321,True
2661526937,3199.88,33.753,1765422132321,False
2661526938,3199.89,0.172,1765422132349,False
2661526939,3199.90,0.007,1765422132349,False
2661526940,3199.92,0.078,1765422132349,False
2661526941,3199.93,0.013,1765422132349,False
2661526942,3199.95,0.682,1765422132349,False
2661526943,3199.96,0.439,1765422132349,False
2661526944,3199.98,0.258,1765422132349,False
2661526945,3199.99,0.021,1765422132349,False
2661526946,3200.00,34.577,1765422132349,False
2661526947,3199.99,0.362,1765422132358,True
2661526948,3200.00,10.000,1765422132442,False
2661526949,3199.99,1.100,1765422132476,True
2661526950,3200.00,1.008,1765422132531,False
2661526951,3199.99,3.989,1765422132554,True
2661526952,3200.00,3.000,1765422132596,False
2661526953,3199.99,33.171,1765422132607,True
2661526954,3199.98,0.014,1765422132624,True
2661526955,3199.96,0.781,1765422132624,True
2661526956,3199.95,0.045,1765422132624,True
2661526957,3199.93,0.902,1765422132625,True
2661526958,3199.92,0.013,1765422132625,True
2661526959,3199.91,0.038,1765422132625,True
2661526960,3199.90,0.010,1765422132625,True
2661526961,3199.88,0.021,1765422132625,True
2661526962,3199.87,4.432,1765422132625,True
2661526963,3199.85,0.021,1765422132625,True
2661526964,3199.83,0.045,1765422132628,True
2661526965,3199.82,0.029,1765422132628,True
2661526966,3199.81,0.007,1765422132628,True
2661526967,3199.80,0.043,1765422132628,True
2661526968,3199.79,0.046,1765422132628,True
2661526969,3199.77,0.789,1765422132628,True
2661526970,3199.76,3.141,1765422132628,True
2661526971,3199.75,0.054,1765422132632,True
2661526972,3199.76,0.053,1765422132635,False
2661526973,3199.75,0.132,1765422132636,True
2661526974,3199.76,0.030,1765422132637,False
2661526975,3199.75,0.266,1765422132638,True
2661526976,3199.74,0.007,1765422132648,True
2661526977,3199.67,0.008,1765422132648,True
2661526978,3199.65,24.187,1765422132655,True
2661526979,3199.64,0.007,1765422132667,True
2661526980,3199.61,0.007,1765422132667,True
2661526981,3199.60,0.388,1765422132667,True
2661526982,3199.59,0.625,1765422132667,True
2661526983,3199.58,0.008,1765422132667,True
2661526984,3199.57,0.008,1765422132667,True
2661526985,3199.56,0.194,1765422132670,True
2661526986,3199.55,0.027,1765422132670,True
2661526987,3199.54,13.167,1765422132673,True
2661526988,3199.52,0.201,1765422132676,True
2661526989,3199.53,39.156,1765422132691,False
2661526990,3199.52,13.033,1765422132818,True
2661526991,3199.51,0.053,1765422132853,True
2661526992,3199.50,0.023,1765422132853,True
2661526993,3199.49,0.051,1765422132853,True
2661526994,3199.47,0.038,1765422132853,True
2661526995,3199.44,0.021,1765422132853,True
2661526996,3199.43,0.047,1765422132853,True
2661526997,3199.42,0.014,1765422132853,True
2661526998,3199.41,0.790,1765422132853,True
2661526999,3199.40,0.036,1765422132853,True
2661527000,3199.39,0.080,1765422132853,True
2661527001,3199.38,0.059,1765422132853,True
2661527002,3199.35,0.243,1765422132853,True
2661527003,3199.34,0.118,1765422132853,True
2661527004,3199.33,0.007,1765422132853,True
2661527005,3199.32,0.021,1765422132853,True
2661527006,3199.31,0.030,1765422132853,True
2661527007,3199.30,0.038,1765422132853,True
2661527008,3199.29,0.021,1765422132853,True
2661527009,3199.28,0.014,1765422132853,True
2661527010,3199.27,0.008,1765422132853,True
2661527011,3199.26,0.013,1765422132853,True
2661527012,3199.25,0.038,1765422132853,True
2661527013,3199.24,0.022,1765422132853,True
2661527014,3199.23,0.820,1765422132853,True
2661527015,3199.21,0.014,1765422132853,True
2661527016,3199.20,0.042,1765422132853,True
2661527017,3199.19,0.051,1765422132853,True
2661527018,3199.18,1.042,1765422132853,True
2661527019,3199.17,1.584,1765422132853,True
2661527020,3199.16,0.018,1765422132853,True
2661527021,3199.15,0.038,1765422132853,True
2661527022,3199.14,0.344,1765422132853,True
2661527023,3199.13,0.036,1765422132853,True
2661527024,3199.12,0.008,1765422132853,True
2661527025,3199.11,0.207,1765422132853,True
2661527026,3199.10,2.026,1765422132853,True
2661527027,3199.09,0.135,1765422132853,True
2661527028,3199.08,1.130,1765422132853,True
2661527029,3199.07,0.013,1765422132853,True
2661527030,3199.06,0.007,1765422132853,True
2661527031,3199.05,0.458,1765422132853,True
2661527032,3199.04,0.046,1765422132853,True
2661527033,3199.02,3.101,1765422132853,True
2661527034,3199.13,0.052,1765422132861,False
2661527035,3199.12,4.500,1765422132877,True
2661527036,3199.13,8.000,1765422132942,False
2661527037,3199.12,50.795,1765422132947,True
2661527038,3199.13,0.031,1765422132962,False
2661527039,3199.12,0.080,1765422133062,True
2661527040,3199.13,3.426,1765422133083,False
2661527041,3199.14,0.022,1765422133084,False
2661527042,3199.16,0.038,1765422133084,False
2661527043,3199.20,0.014,1765422133088,False
2661527044,3199.21,0.013,1765422133088,False
2661527045,3199.23,0.096,1765422133093,False
2661527046,3199.24,0.064,1765422133139,False
2661527047,3199.25,0.008,1765422133139,False
2661527048,3199.29,0.051,1765422133153,False
2661527049,3199.30,0.021,1765422133153,False
2661527050,3199.33,0.013,1765422133169,False
2661527051,3199.34,0.046,1765422133169,False
2661527052,3199.35,0.007,1765422133169,False
2661527053,3199.39,0.038,1765422133169,False
2661527054,3199.40,0.008,1765422133169,False
2661527055,3199.43,0.053,1765422133169,False
2661527056,3199.44,0.017,1765422133169,False
2661527057,3199.43,0.978,1765422133177,True
2661527058,3199.44,0.280,1765422133281,False
2661527059,3199.45,0.008,1765422133281,False
2661527060,3199.47,0.038,1765422133281,False
2661527061,3199.50,0.021,1765422133281,False
2661527062,3199.51,0.008,1765422133281,False
2661527063,3199.52,0.021,1765422133281,False
2661527064,3199.53,0.052,1765422133281,False
2661527065,3199.54,1.320,1765422133281,False
2661527066,3199.55,0.028,1765422133281,False
2661527067,3199.56,0.321,1765422133281,False
2661527068,3199.57,0.038,1765422133281,False
2661527069,3199.59,0.790,1765422133281,False
2661527070,3199.60,0.007,1765422133281,False
2661527071,3199.61,0.051,1765422133281,False
2661527072,3199.62,0.008,1765422133281,False
2661527073,3199.64,0.021,1765422133281,False
2661527074,3199.65,0.457,1765422133281,False
2661527075,3199.66,0.059,1765422133282,False
2661527076,3199.67,0.013,1765422133282,False
2661527077,3199.68,0.790,1765422133282,False
2661527078,3199.69,0.010,1765422133282,False
2661527079,3199.70,1.263,1765422133282,False
2661527080,3199.71,3.105,1765422133282,False
2661527081,3199.70,0.007,1765422133332,True
2661527082,3199.71,0.135,1765422133426,False
2661527083,3199.70,0.083,1765422133431,True
2661527084,3199.71,3.123,1765422133431,False
2661527085,3199.70,16.377,1765422133445,True
2661527086,3199.69,0.021,1765422133491,True
2661527087,3199.68,0.007,1765422133491,True
2661527088,3199.65,0.045,1765422133491,True
2661527089,3199.63,0.013,1765422133494,True
2661527090,3199.60,0.045,1765422133494,True
2661527091,3199.59,0.013,1765422133494,True
2661527092,3199.56,0.136,1765422133494,True
2661527093,3199.53,0.008,1765422133494,True
2661527094,3199.52,0.038,1765422133494,True
2661527095,3199.51,0.015,1765422133494,True
2661527096,3199.50,0.042,1765422133494,True
2661527097,3199.47,0.021,1765422133494,True
2661527098,3199.47,0.009,1765422133499,False
2661527099,3199.46,0.015,1765422133550,True
2661527100,3199.47,0.117,1765422133660,False
2661527101,3199.48,0.021,1765422133663,False
2661527102,3199.50,0.021,1765422133663,False
2661527103,3199.51,0.051,1765422133719,False
2661527104,3199.52,0.008,1765422133719,False
2661527105,3199.55,0.013,1765422133719,False
2661527106,3199.57,0.007,1765422133719,False
2661527107,3199.58,0.059,1765422133719,False
2661527108,3199.61,0.008,1765422133719,False
2661527109,3199.62,0.038,1765422133719,False
2661527110,3199.64,0.009,1765422133719,False
2661527111,3199.64,24.861,1765422133720,True
2661527112,3199.63,6.050,1765422133720,True
2661527113,3199.61,10.268,1765422133720,True
2661527114,3199.60,4.373,1765422133720,True
2661527115,3199.64,9.654,1765422133730,True
2661527116,3199.65,0.093,1765422133804,False
2661527117,3199.64,58.592,1765422133927,True
2661527118,3199.65,6.302,1765422133998,False
2661527119,3199.64,3.000,1765422134047,True
2661527120,3199.65,0.166,1765422134069,False
2661527121,3199.64,0.052,1765422134090,True
2661527122,3199.65,4.217,1765422134102,False
2661527123,3199.64,0.551,1765422134201,True
2661527124,3199.65,0.312,1765422134213,False
2661527125,3199.64,1.111,1765422134224,True
2661527126,3199.65,0.178,1765422134279,False
2661527127,3199.64,10.705,1765422134287,True
2661527128,3199.63,0.087,1765422134289,True
2661527129,3199.62,0.038,1765422134289,True
2661527130,3199.60,0.007,1765422134289,True
2661527131,3199.58,0.038,1765422134289,True
2661527132,3199.56,0.013,1765422134294,True
2661527133,3199.54,0.051,1765422134294,True
2661527134,3199.52,0.007,1765422134294,True
2661527135,3199.51,0.143,1765422134298,True
2661527136,3199.50,0.109,1765422134298,True
2661527137,3199.48,0.007,1765422134298,True
2661527138,3199.47,1.569,1765422134298,True
2661527139,3199.46,3.752,1765422134298,True
2661527140,3199.44,0.028,1765422134299,True
2661527141,3199.43,45.186,1765422134302,True
2661527142,3199.42,0.284,1765422134304,True
2661527143,3199.41,0.073,1765422134305,True
2661527144,3199.40,0.014,1765422134305,True
2661527145,3199.39,0.046,1765422134305,True
2661527146,3199.38,1.547,1765422134305,True
2661527147,3199.37,0.056,1765422134307,True
2661527148,3199.36,0.007,1765422134307,True
2661527149,3199.35,7.933,1765422134307,True
2661527150,3199.34,0.008,1765422134307,True
2661527151,3199.33,0.013,1765422134307,True
2661527152,3199.32,0.365,1765422134307,True
2661527153,3199.30,0.018,1765422134307,True
2661527154,3199.29,0.113,1765422134307,True
2661527155,3199.28,0.045,1765422134307,True
2661527156,3199.27,0.895,1765422134307,True
2661527157,3199.26,3.413,1765422134307,True
2661527158,3199.25,5.743,1765422134310,True
2661527159,3199.23,0.071,1765422134347,True
2661527160,3199.21,0.020,1765422134347,True
2661527161,3199.20,0.036,1765422134347,True
2661527162,3199.19,0.038,1765422134347,True
2661527163,3199.18,0.973,1765422134384,False
2661527164,3199.17,41.128,1765422134440,True
2661527165,3199.16,0.007,1765422134481,True
2661527166,3199.13,2.500,1765422134481,True
2661527167,3199.12,1.979,1765422134481,True
2661527168,3199.11,0.014,1765422134481,True
2661527169,3199.08,0.058,1765422134481,True
2661527170,3199.06,0.028,1765422134481,True
2661527171,3199.05,0.028,1765422134481,True
2661527172,3199.04,0.062,1765422134481,True
2661527173,3199.03,0.021,1765422134481,True
2661527174,3199.01,0.028,1765422134481,True
2661527175,3199.00,0.039,1765422134481,True
2661527176,3198.99,0.180,1765422134481,True
2661527177,3198.98,0.097,1765422134481,True
2661527178,3198.97,0.795,1765422134481,True
2661527179,3198.96,8.082,1765422134481,True
2661527180,3198.95,0.021,1765422134481,True
2661527181,3198.93,0.046,1765422134481,True
2661527182,3198.92,0.020,1765422134481,True
2661527183,3198.90,0.045,1765422134481,True
2661527184,3198.89,0.058,1765422134481,True
2661527185,3198.88,0.028,1765422134481,True
2661527186,3198.87,0.957,1765422134481,True
2661527187,3198.96,1.220,1765422134515,False
2661527188,3198.95,0.017,1765422134542,True
2661527189,3198.96,0.007,1765422134560,False
2661527190,3198.96,43.649,1765422134680,False
2661527191,3198.97,0.015,1765422134680,False
2661527192,3199.00,0.038,1765422134680,False
2661527193,3199.04,0.051,1765422134680,False
2661527194,3199.05,0.007,1765422134680,False
2661527195,3199.07,0.021,1765422134680,False
2661527196,3199.09,0.038,1765422134680,False
2661527197,3199.10,0.021,1765422134680,False
2661527198,3199.13,0.111,1765422134680,False
2661527199,3199.14,2.326,1765422134681,False
2661527200,3199.16,0.021,1765422134681,False
2661527201,3199.17,2.985,1765422134681,False
2661527202,3199.18,3.803,1765422134681,False
2661527203,3199.19,0.059,1765422134681,False
2661527204,3199.20,0.029,1765422134681,False
2661527205,3199.21,0.078,1765422134681,False
2661527206,3199.22,0.023,1765422134681,False
2661527207,3199.23,0.008,1765422134681,False
2661527208,3199.25,0.055,1765422134681,False
2661527209,3199.26,0.046,1765422134681,False
2661527210,3199.27,0.026,1765422134681,False
2661527211,3199.28,0.007,1765422134681,False
2661527212,3199.29,0.008,1765422134681,False
2661527213,3199.30,0.465,1765422134681,False
2661527214,3199.32,2.301,1765422134681,False
2661527215,3199.33,0.008,1765422134681,False
2661527216,3199.34,0.038,1765422134681,False
2661527217,3199.35,0.357,1765422134681,False
2661527218,3199.36,0.014,1765422134681,False
2661527219,3199.37,6.193,1765422134681,False
2661527220,3199.38,0.013,1765422134681,False
2661527221,3199.39,0.038,1765422134681,False
2661527222,3199.40,3.049,1765422134681,False
2661527223,3199.41,10.173,1765422134681,False
2661527224,3199.42,10.951,1765422134681,False
2661527225,3199.43,0.066,1765422134681,False
2661527226,3199.44,1.934,1765422134681,False
2661527227,3199.45,4.819,1765422134681,False
2661527228,3199.46,0.029,1765422134681,False
2661527229,3199.47,0.390,1765422134681,False
2661527230,3199.49,3.128,1765422134681,False
2661527231,3199.50,1.146,1765422134681,False
2661527232,3199.51,3.741,1765422134681,False
2661527233,3199.52,5.490,1765422134681,False
2661527234,3199.53,7.666,1765422134681,False
2661527235,3199.54,0.010,1765422134681,False
2661527236,3199.55,13.414,1765422134681,False
2661527237,3199.56,20.014,1765422134681,False
2661527238,3199.57,0.038,1765422134681,False
2661527239,3199.58,0.035,1765422134681,False
2661527240,3199.59,12.514,1765422134681,False
2661527241,3199.60,0.013,1765422134681,False
2661527242,3199.61,0.046,1765422134681,False
2661527243,3199.62,0.156,1765422134681,False
2661527244,3199.63,0.021,1765422134681,False
2661527245,3199.64,0.090,1765422134681,False
2661527246,3199.65,1.374,1765422134681,False
2661527247,3199.66,0.156,1765422134681,False
2661527248,3199.67,9.650,1765422134681,False
2661527249,3199.68,0.327,1765422134681,False
2661527250,3199.69,3.588,1765422134681,False
2661527251,3199.65,0.299,1765422134690,True
2661527252,3199.64,0.299,1765422134690,True
2661527253,3199.62,0.038,1765422134690,True
2661527254,3199.61,0.299,1765422134690,True
2661527255,3199.60,0.299,1765422134690,True
2661527256,3199.61,0.010,1765422134693,False
2661527257,3199.58,0.038,1765422134696,True
2661527258,3199.52,0.038,1765422134696,True
2661527259,3199.51,0.008,1765422134696,True
2661527260,3199.50,0.014,1765422134696,True
2661527261,3199.48,0.046,1765422134696,True
2661527262,3199.45,0.008,1765422134696,True
2661527263,3199.44,0.148,1765422134696,True
2661527264,3199.45,0.120,1765422134697,False
2661527265,3199.44,0.039,1765422134700,True
2661527266,3199.45,0.385,1765422134702,False
2661527267,3199.44,0.064,1765422134703,True
2661527268,3199.45,0.191,1765422134712,False
2661527269,3199.44,0.039,1765422134712,True
2661527270,3199.45,1.878,1765422134712,False
2661527271,3199.44,0.013,1765422134715,True
2661527272,3199.45,1.425,1765422134716,False
2661527273,3199.44,0.407,1765422134719,True
2661527274,3199.45,9.990,1765422134736,False
2661527275,3199.44,0.085,1765422134759,True
2661527276,3199.43,0.007,1765422134771,True
2661527277,3199.40,0.038,1765422134771,True
2661527278,3199.38,0.007,1765422134771,True
2661527279,3199.37,0.013,1765422134771,True
2661527280,3199.36,0.038,1765422134771,True
2661527281,3199.35,0.015,1765422134771,True
2661527282,3199.33,0.013,1765422134771,True
2661527283,3199.32,0.018,1765422134771,True
2661527284,3199.30,0.038,1765422134771,True
2661527285,3199.29,0.008,1765422134771,True
2661527286,3199.28,0.080,1765422134771,True
2661527287,3199.26,0.800,1765422134813,True
2661527288,3199.27,0.033,1765422134861,False
2661527289,3199.26,1.918,1765422134903,True
2661527290,3199.25,0.007,1765422134970,True
2661527291,3199.24,0.007,1765422134970,True
2661527292,3199.23,0.007,1765422134970,True
2661527293,3199.20,0.022,1765422134970,True
2661527294,3199.19,0.056,1765422134970,True
2661527295,3199.18,0.020,1765422134970,True
2661527296,3199.16,0.008,1765422134970,True
2661527297,3199.15,0.051,1765422134970,True
2661527298,3199.13,0.008,1765422134970,True
2661527299,3199.12,0.013,1765422134970,True
2661527300,3199.11,0.038,1765422134970,True
2661527301,3199.10,0.008,1765422134970,True
2661527302,3199.09,14.370,1765422134970,True
2661527303,3199.09,0.781,1765422135082,True
2661527304,3199.10,0.267,1765422135087,False
2661527305,3199.09,0.086,1765422135099,True
2661527306,3199.10,4.485,1765422135103,False
2661527307,3199.10,0.582,1765422135257,False
2661527308,3199.11,0.015,1765422135258,False
2661527309,3199.14,0.038,1765422135258,False
2661527310,3199.18,0.013,1765422135260,False
2661527311,3199.19,0.038,1765422135260,False
2661527312,3199.20,0.036,1765422135260,False
2661527313,3199.21,0.013,1765422135263,False
2661527314,3199.23,0.077,1765422135317,False
2661527315,3199.24,0.021,1765422135319,False
