TradeID,Price,Quantity,Timestamp,Is_Sell_Order
1010300399,130.5900,1.51,1765422010265,False
1010300400,130.5900,27.00,1765422010390,False
1010300401,130.5800,3.25,1765422010648,True
1010300402,130.5900,0.02,1765422010879,False
1010300403,130.5800,0.05,1765422010917,True
1010300404,130.5900,28.00,1765422010948,False
1010300405,130.5800,9.10,1765422011112,True
1010300406,130.5900,5.49,1765422011209,False
1010300407,130.5800,0.04,1765422011239,True
1010300408,130.5800,15.00,1765422011558,True
1010300409,130.5900,1.53,1765422011577,False
1010300410,130.5900,2.51,1765422011771,False
1010300411,130.5800,50.00,1765422011813,True
1010300412,130.5900,0.22,1765422011871,False
1010300413,130.5800,89.69,1765422011917,True
1010300414,130.5700,32.25,1765422012074,True
1010300415,130.5700,5.47,1765422012219,False
1010300416,130.5700,162.46,1765422012395,False
1010300417,130.5700,0.24,1765422012525,True
1010300418,130.5800,304.26,1765422012535,False
1010300419,130.5800,0.25,1765422012562,True
1010300420,130.5900,0.13,1765422012693,False
1010300421,130.5800,0.54,1765422012696,True
1010300422,130.5900,0.61,1765422012726,False
1010300423,130.5800,6.23,1765422012780,True
1010300424,130.5800,0.05,1765422012917,True
1010300425,130.5800,101.90,1765422013021,True
1010300426,130.5700,4.82,1765422013050,True
1010300427,130.5600,634.55,1765422013062,True
1010300428,130.5500,96.32,1765422013094,True
1010300429,130.5500,22.33,1765422013213,True
1010300430,130.5500,462.88,1765422013322,True
1010300431,130.5600,3.60,1765422013421,False
1010300432,130.5500,5.00,1765422013457,True
1010300433,130.5500,7.95,1765422013566,True
1010300434,130.5600,1.52,1765422013633,False
1010300435,130.5500,0.74,1765422013687,True
1010300436,130.5600,438.12,1765422013712,False
1010300437,130.5700,124.07,1765422013757,False
1010300438,130.5800,460.72,1765422013762,False
1010300439,130.5900,312.75,1765422013762,False
1010300440,130.5800,0.05,1765422013927,True
1010300441,130.5900,0.82,1765422013948,False
1010300442,130.5800,0.22,1765422014022,True
1010300443,130.5900,68.99,1765422014089,False
1010300444,130.5900,0.04,1765422014288,False
1010300445,130.5800,0.03,1765422014369,True
1010300446,130.5800,52.44,1765422014540,True
1010300447,130.5800,10.74,1765422014580,False
1010300448,130.5800,0.01,1765422014683,False
1010300449,130.5700,2.91,1765422014687,True
1010300450,130.5600,46.35,1765422014708,True
1010300451,130.5500,4.45,1765422014766,True
1010300452,130.5600,0.40,1765422014798,False
1010300453,130.5500,0.09,1765422014827,True
1010300454,130.5600,4.59,1765422014830,False
1010300455,130.5500,75.40,1765422014853,True
1010300456,130.5500,0.07,1765422014898,False
1010300457,130.5400,51.33,1765422014919,True
1010300458,130.5400,11.53,1765422015024,True
1010300459,130.5500,0.83,1765422015185,False
1010300460,130.5400,0.07,1765422015372,True
1010300461,130.5500,28.00,1765422015401,False
1010300462,130.5400,0.46,1765422015449,True
1010300463,130.5500,14.00,1765422015567,False
1010300464,130.5500,13.00,1765422015680,False
1010300465,130.5400,5.20,1765422015722,True
1010300466,130.5400,118.40,1765422015872,True
1010300467,130.5500,19.50,1765422015946,False
1010300468,130.5400,100.44,1765422016061,True
1010300469,130.5500,322.80,1765422016212,False
1010300470,130.5600,0.76,1765422016215,False
1010300471,130.5500,226.54,1765422016273,True
1010300472,130.5500,0.32,1765422016419,True
1010300473,130.5600,15.47,1765422016487,False
1010300474,130.5500,31.16,1765422016616,True
1010300475,130.5500,157.82,1765422016859,True
1010300476,130.5600,0.10,1765422016860,False
1010300477,130.5500,0.05,1765422016918,True
1010300478,130.5500,136.44,1765422017043,True
1010300479,130.5400,14.56,1765422017045,True
1010300480,130.5500,11.14,1765422017301,False
1010300481,130.5500,10.97,1765422017371,True
1010300482,130.5500,0.51,1765422017482,True
1010300483,130.5500,3.00,1765422017655,True
1010300484,130.5600,1.29,1765422017772,False
1010300485,130.5500,62.51,1765422017900,True
1010300486,130.5500,0.67,1765422018340,True
1010300487,130.5500,13.47,1765422018450,True
1010300488,130.5600,5.50,1765422018594,False
1010300489,130.5500,0.26,1765422018599,True
1010300490,130.5500,0.05,1765422018703,True
1010300491,130.5500,0.05,1765422018917,True
1010300492,130.5600,100.00,1765422019040,False
1010300493,130.5500,1.78,1765422019108,True
1010300494,130.5500,1.61,1765422019302,True
1010300495,130.5600,50.00,1765422019489,False
1010300496,130.5500,248.06,1765422019515,True
1010300497,130.5500,1.57,1765422019914,True
1010300498,130.5500,7.66,1765422020027,True
1010300499,130.5600,12.95,1765422020035,False
1010300500,130.5500,33.56,1765422020156,True
1010300501,130.5500,1.00,1765422020286,True
1010300502,130.5500,84.60,1765422020387,True
1010300503,130.5600,986.64,1765422020416,False
1010300504,130.5700,0.05,1765422020444,False
1010300505,130.5600,8.11,1765422020447,True
1010300506,130.5700,213.91,1765422020483,False
1010300507,130.5800,1.69,1765422020635,False
1010300508,130.5700,0.45,1765422020691,True
1010300509,130.5800,11.11,1765422020825,False
1010300510,130.5700,0.40,1765422020919,True
1010300511,130.5800,382.17,1765422021148,False
1010300512,130.5900,38.68,1765422021157,False
1010300513,130.5900,21.91,1765422021208,True
1010300514,130.6000,1.48,1765422021226,False
1010300515,130.6000,0.76,1765422021405,False
1010300516,130.5900,0.55,1765422021428,True
1010300517,130.6000,5.50,1765422021715,False
1010300518,130.5900,0.36,1765422021729,True
1010300519,130.5900,0.20,1765422021880,True
1010300520,130.6000,672.54,1765422022040,False
1010300521,130.6100,429.22,1765422022055,False
1010300522,130.6200,4.89,1765422022080,False
1010300523,130.6100,0.09,1765422022132,True
1010300524,130.6200,310.81,1765422022169,False
1010300525,130.6200,4.78,1765422022269,True
1010300526,130.6200,0.10,1765422022418,True
1010300527,130.6200,1.93,1765422022622,True
1010300528,130.6300,2.52,1765422022708,False
1010300529,130.6300,2.29,1765422022855,False
1010300530,130.6200,31.14,1765422022890,True
1010300531,130.6100,142.51,1765422022988,True
1010300532,130.6100,281.11,1765422023159,False
1010300533,130.6200,41.61,1765422023222,False
1010300534,130.6200,0.11,1765422023537,False
1010300535,130.6100,0.99,1765422023919,True
1010300536,130.6200,25.93,1765422024019,False
1010300537,130.6100,0.27,1765422024229,True
1010300538,130.6100,67.91,1765422024595,True
1010300539,130.6100,0.04,1765422024599,False
1010300540,130.6000,5.91,1765422024870,True
1010300541,130.6100,16.00,1765422024994,False
1010300542,130.6000,0.09,1765422025051,True
1010300543,130.6100,0.05,1765422025141,False
1010300544,130.6000,0.71,1765422025168,True
1010300545,130.6000,0.27,1765422025393,True
1010300546,130.6000,0.11,1765422025615,True
1010300547,130.6100,21.62,1765422025630,False
1010300548,130.6000,31.55,1765422025633,True
1010300549,130.6100,78.23,1765422025839,False
1010300550,130.6100,23.02,1765422025912,True
1010300551,130.6200,0.05,1765422026018,False
1010300552,130.6100,7.25,1765422026030,True
1010300553,130.6200,5.50,1765422026126,False
1010300554,130.6100,60.73,1765422026279,True
1010300555,130.6200,32.23,1765422026357,False
1010300556,130.6200,5.44,1765422026426,True
1010300557,130.6300,21.70,1765422026488,False
1010300558,130.6200,4.12,1765422026539,True
1010300559,130.6300,154.35,1765422026643,False
1010300560,130.6400,0.05,1765422026892,False
1010300561,130.6300,0.05,1765422026920,True
1010300562,130.6400,7.53,1765422027261,False
1010300563,130.6300,0.08,1765422027601,True
1010300564,130.6400,35.34,1765422027634,False
1010300565,130.6300,10.43,1765422027667,True
1010300566,130.6300,0.05,1765422027923,True
1010300567,130.6400,3.52,1765422027968,False
1010300568,130.6300,0.09,1765422028107,True
1010300569,130.6400,0.09,1765422028148,False
1010300570,130.6300,0.05,1765422028245,True
1010300571,130.6400,17.97,1765422028310,False
1010300572,130.6400,1.55,1765422028674,False
1010300573,130.6300,1.16,1765422028709,True
1010300574,130.6400,31.78,1765422028833,False
1010300575,130.6300,0.01,1765422028876,True
1010300576,130.6400,221.89,1765422029281,False
1010300577,130.6300,0.01,1765422029368,True
1010300578,130.6400,8.73,1765422029407,False
1010300579,130.6400,44.91,1765422029737,True
1010300580,130.6300,0.26,1765422029790,True
1010300581,130.6400,0.04,1765422029814,False
1010300582,130.6300,99.89,1765422029815,True
1010300583,130.6200,36.84,1765422029868,True
1010300584,130.6200,1.90,1765422029988,False
1010300585,130.6100,77.57,1765422030242,True
1010300586,130.6100,3.86,1765422030368,False
1010300587,130.6000,52.73,1765422030467,True
1010300588,130.5900,80.25,1765422030496,True
1010300589,130.6000,7.46,1765422030501,False
1010300590,130.6000,0.17,1765422030798,False
1010300591,130.5900,7.44,1765422030957,True
1010300592,130.5900,30.71,1765422031148,True
1010300593,130.6000,15.00,1765422031330,False
1010300594,130.5900,6.68,1765422031354,True
1010300595,130.5900,0.06,1765422031865,True
1010300596,130.5900,55.21,1765422032033,True
1010300597,130.5900,53.46,1765422032137,False
1010300598,130.5800,27.94,1765422032143,True
1010300599,130.5800,83.04,1765422032306,True
1010300600,130.5800,3.73,1765422032435,False
1010300601,130.5700,2.35,1765422032567,True
1010300602,130.5700,0.11,1765422032910,True
1010300603,130.5800,0.30,1765422032922,False
1010300604,130.5700,4.41,1765422033451,True
1010300605,130.5800,1.00,1765422033560,False
1010300606,130.5700,0.09,1765422034048,True
1010300607,130.5700,1.08,1765422034273,True
1010300608,130.5800,3.25,1765422034461,False
1010300609,130.5800,88.59,1765422034628,False
1010300610,130.5700,222.00,1765422034719,True
1010300611,130.5700,2.06,1765422034844,True
1010300612,130.5700,3.86,1765422035063,True
1010300613,130.5700,7.00,1765422035202,True
1010300614,130.5700,31.41,1765422035303,True
1010300615,130.5600,2.06,1765422035411,True
1010300616,130.5700,0.09,1765422035683,False
1010300617,130.5600,0.70,1765422035866,True
1010300618,130.5700,4.13,1765422035888,False
1010300619,130.5600,2.37,1765422036102,True
1010300620,130.5700,4.06,1765422036221,False
1010300621,130.5600,101.74,1765422036325,True
1010300622,130.5600,13.16,1765422036368,False
1010300623,130.5600,9.49,1765422036652,False
1010300624,130.5500,0.78,1765422036710,True
1010300625,130.5600,18.04,1765422037002,False
1010300626,130.5500,0.09,1765422037082,True
1010300627,130.5600,200.96,1765422037535,False
1010300628,130.5700,12.80,1765422037599,False
1010300629,130.5700,2.00,1765422037700,False
1010300630,130.5700,13.02,1765422038088,False
1010300631,130.5700,2.92,1765422038235,False
1010300632,130.5600,0.78,1765422038809,True
1010300633,130.5600,31.18,1765422038921,True
1010300634,130.5600,37.47,1765422039346,True
1010300635,130.5600,44.63,1765422039619,True
1010300636,130.5700,0.19,1765422039768,False
1010300637,130.5600,72.71,1765422040059,True
1010300638,130.5600,1.00,1765422040106,False
1010300639,130.5500,0.09,1765422040203,True
1010300640,130.5600,35.35,1765422040262,False
1010300641,130.5500,0.40,1765422040383,True
1010300642,130.5600,10.87,1765422040412,False
1010300643,130.5500,15.59,1765422040481,True
1010300644,130.5600,0.22,1765422040851,False
1010300645,130.5500,16.03,1765422041018,True
1010300646,130.5600,14.28,1765422041139,False
1010300647,130.5500,45.68,1765422041201,True
1010300648,130.5500,0.92,1765422041308,True
1010300649,130.5600,0.08,1765422041360,False
1010300650,130.5600,44.17,1765422041523,False
1010300651,130.5600,247.04,1765422041756,False
1010300652,130.5700,60.79,1765422041783,False
1010300653,130.5800,0.43,1765422041795,False
1010300654,130.5700,7.79,1765422042042,True
1010300655,130.5800,81.49,1765422042219,False
1010300656,130.5900,67.21,1765422042266,False
1010300657,130.6000,2.04,1765422042301,False
1010300658,130.6000,0.56,1765422042356,True
1010300659,130.6000,8.60,1765422042538,True
1010300660,130.6100,1.91,1765422042651,False
1010300661,130.6100,0.10,1765422042856,False
1010300662,130.6100,2.78,1765422042999,False
1010300663,130.6000,0.09,1765422043042,True
1010300664,130.6000,3.57,1765422043318,True
1010300665,130.6000,12.19,1765422043556,True
1010300666,130.6100,5.50,1765422043698,False
1010300667,130.6100,86.71,1765422044048,False
1010300668,130.6200,173.92,1765422044291,False
1010300669,130.6300,198.20,1765422044291,False
1010300670,130.6400,88.88,1765422044291,False
1010300671,130.6300,342.67,1765422044299,True
1010300672,130.6200,1.27,1765422044352,True
1010300673,130.6200,7.65,1765422044375,False
1010300674,130.6100,2.46,1765422044499,True
1010300675,130.6200,5.50,1765422044789,False
1010300676,130.6200,13.66,1765422044945,False
1010300677,130.6100,0.26,1765422045077,True
1010300678,130.6200,0.41,1765422045255,False
1010300679,130.6200,0.55,1765422045446,False
1010300680,130.6100,1.01,1765422045459,True
1010300681,130.6200,0.16,1765422045515,False
1010300682,130.6100,6.08,1765422045535,True
1010300683,130.6200,2.12,1765422045883,False
1010300684,130.6100,0.88,1765422045949,True
1010300685,130.6100,0.09,1765422046084,True
1010300686,130.6200,68.54,1765422046287,False
1010300687,130.6200,1.92,1765422046511,True
1010300688,130.6300,11.54,1765422046578,False
1010300689,130.6400,35.27,1765422046614,False
1010300690,130.6300,42.00,1765422046621,True
1010300691,130.6300,0.19,1765422046739,True
1010300692,130.6400,1.32,1765422046746,False
1010300693,130.6300,0.06,1765422046754,True
1010300694,130.6400,16.43,1765422046927,False
1010300695,130.6400,8.32,1765422047037,False
1010300696,130.6400,10.00,1765422047186,False
1010300697,130.6300,67.35,1765422047242,True
1010300698,130.6200,4.14,1765422047264,True
1010300699,130.6200,0.06,1765422047535,False
1010300700,130.6200,0.04,1765422047637,False
1010300701,130.6200,30.52,1765422047760,False
1010300702,130.6200,0.10,1765422047796,True
1010300703,130.6300,1.66,1765422047854,False
1010300704,130.6300,4.34,1765422048167,True
1010300705,130.6200,16.95,1765422048298,True
1010300706,130.6100,0.12,1765422048595,True
1010300707,130.6200,7.63,1765422048778,False
1010300708,130.6100,0.75,1765422049008,True
1010300709,130.6100,0.09,1765422049135,True
1010300710,130.6200,81.36,1765422049254,False
1010300711,130.6200,0.23,1765422049337,True
1010300712,130.6300,0.23,1765422049444,False
1010300713,130.6300,25.25,1765422049552,False
1010300714,130.6300,5.54,1765422049741,False
1010300715,130.6200,3.10,1765422049945,True
1010300716,130.6300,6.37,1765422049959,False
1010300717,130.6200,38.35,1765422049965,True
1010300718,130.6100,561.31,1765422050024,True
1010300719,130.6000,89.33,1765422050025,True
1010300720,130.6100,9.47,1765422050259,False
1010300721,130.6100,114.59,1765422050494,False
1010300722,130.6200,1.48,1765422050590,False
1010300723,130.6200,3.00,1765422050610,True
1010300724,130.6300,3.82,1765422050616,False
1010300725,130.6300,19.91,1765422050785,False
1010300726,130.6300,0.66,1765422051052,False
1010300727,130.6200,0.27,1765422051125,True
1010300728,130.6300,52.48,1765422051128,False
1010300729,130.6400,1.91,1765422051213,False
1010300730,130.6300,0.26,1765422051224,True
1010300731,130.6300,193.19,1765422051736,True
1010300732,130.6300,25.06,1765422051839,False
1010300733,130.6200,43.35,1765422051975,True
1010300734,130.6200,3.00,1765422052016,False
1010300735,130.6100,0.96,1765422052104,True
1010300736,130.6100,0.07,1765422052240,True
1010300737,130.6200,128.57,1765422052596,False
1010300738,130.6200,25.65,1765422053036,False
1010300739,130.6100,0.08,1765422053200,True
1010300740,130.6200,10.43,1765422053255,False
1010300741,130.6100,0.56,1765422053540,True
1010300742,130.6200,0.51,1765422053646,False
1010300743,130.6100,0.68,1765422053655,True
1010300744,130.6200,3.86,1765422053712,False
1010300745,130.6100,3.96,1765422053781,True
1010300746,130.6100,10.58,1765422053896,True
1010300747,130.6100,25.64,1765422054160,True
1010300748,130.6100,25.65,1765422054265,False
1010300749,130.6000,1.58,1765422054304,True
1010300750,130.6100,4.05,1765422054467,False
1010300751,130.6000,0.58,1765422054507,True
1010300752,130.6000,2.69,1765422054773,True
1010300753,130.6100,0.21,1765422054786,False
1010300754,130.6000,9.48,1765422054792,True
1010300755,130.6000,15.40,1765422054969,True
1010300756,130.6000,59.54,1765422055115,True
1010300757,130.6100,0.13,1765422055387,False
1010300758,130.6100,1.47,1765422055495,False
1010300759,130.6000,0.14,1765422055534,True
1010300760,130.6100,3.98,1765422055595,False
1010300761,130.6000,1.09,1765422055723,True
1010300762,130.6000,0.91,1765422055954,True
1010300763,130.6000,55.85,1765422056156,True
1010300764,130.6000,0.57,1765422056350,True
1010300765,130.6100,1.89,1765422056385,False
1010300766,130.6100,25.35,1765422056632,False
1010300767,130.6000,0.22,1765422056731,True
1010300768,130.6100,10.00,1765422056735,False
1010300769,130.6000,0.04,1765422056785,True
1010300770,130.6000,0.05,1765422057056,True
1010300771,130.6100,25.70,1765422057113,False
1010300772,130.6100,6.88,1765422057220,True
1010300773,130.6100,2.60,1765422057416,True
1010300774,130.6200,3.76,1765422057452,False
1010300775,130.6100,0.26,1765422057769,True
1010300776,130.6200,25.66,1765422057795,False
1010300777,130.6200,97.32,1765422057900,False
1010300778,130.6100,0.09,1765422058070,True
1010300779,130.6200,228.72,1765422058131,False
1010300780,130.6200,0.50,1765422058232,False
1010300781,130.6100,1.29,1765422058276,True
1010300782,130.6100,0.22,1765422058622,True
1010300783,130.6100,186.76,1765422058725,True
1010300784,130.6000,0.68,1765422058862,True
1010300785,130.6100,1009.58,1765422058903,False
1010300786,130.6100,0.08,1765422058943,True
1010300787,130.6100,0.31,1765422058996,False
1010300788,130.6100,5.39,1765422059240,False
1010300789,130.6000,0.05,1765422059419,True
1010300790,130.6100,0.19,1765422059864,False
1010300791,130.6100,0.29,1765422060106,False
1010300792,130.6000,10.73,1765422060241,True
1010300793,130.6000,15.82,1765422060376,True
1010300794,130.6100,1.27,1765422060422,False
1010300795,130.6000,18.19,1765422060528,True
1010300796,130.6100,1.27,1765422060595,False
1010300797,130.6100,1.19,1765422060705,False
1010300798,130.6100,0.56,1765422060836,False
1010300799,130.6000,407.08,1765422060946,True
1010300800,130.6000,18.87,1765422061062,True
1010300801,130.6100,1.24,1765422061085,False
1010300802,130.6000,246.14,1765422061108,True
1010300803,130.5900,235.00,1765422061206,True
1010300804,130.5800,429.88,1765422061206,True
1010300805,130.5700,84.01,1765422061206,True
1010300806,130.5900,0.15,1765422061207,False
1010300807,130.5700,0.06,1765422061207,True
1010300808,130.5800,0.15,1765422061208,False
1010300809,130.5700,36.13,1765422061208,True
1010300810,130.5700,2.20,1765422061515,True
1010300811,130.5800,0.59,1765422061596,False
1010300812,130.5800,40.93,1765422061734,False
1010300813,130.5900,1.13,1765422061734,False
1010300814,130.5900,0.38,1765422061873,False
1010300815,130.5900,0.38,1765422061999,False
1010300816,130.5800,1.32,1765422062050,True
1010300817,130.5900,0.22,1765422062050,False
1010300818,130.5800,2.56,1765422062119,True
1010300819,130.5800,1.79,1765422062186,False
1010300820,130.5700,6.68,1765422062503,True
1010300821,130.5700,10.33,1765422062955,True
1010300822,130.5800,13.86,1765422063034,False
1010300823,130.5700,40.34,1765422063190,True
1010300824,130.5800,37.12,1765422063194,False
1010300825,130.5900,112.67,1765422063265,False
1010300826,130.6000,27.15,1765422063272,False
1010300827,130.6000,40.95,1765422063515,False
1010300828,130.6100,14.81,1765422063525,False
1010300829,130.6200,0.04,1765422063542,False
1010300830,130.6100,0.79,1765422063615,True
1010300831,130.6100,0.09,1765422064191,True
1010300832,130.6200,65.17,1765422064195,False
1010300833,130.6200,0.65,1765422064214,True
1010300834,130.6300,206.15,1765422064235,False
1010300835,130.6200,0.05,1765422064419,True
1010300836,130.6300,1.74,1765422064637,False
1010300837,130.6200,0.39,1765422064826,True
1010300838,130.6300,11.98,1765422064936,False
1010300839,130.6200,0.10,1765422064971,True
1010300840,130.6200,50.56,1765422065103,True
1010300841,130.6300,2.56,1765422065159,False
1010300842,130.6200,0.40,1765422065192,True
1010300843,130.6300,0.09,1765422065514,False
1010300844,130.6200,0.08,1765422065543,True
1010300845,130.6300,210.69,1765422065623,False
1010300846,130.6400,67.63,1765422065682,False
1010300847,130.6500,56.78,1765422065697,False
1010300848,130.6600,45.52,1765422065786,False
1010300849,130.6600,4.81,1765422065846,True
1010300850,130.6700,0.04,1765422065883,False
1010300851,130.6600,0.04,1765422065883,True
1010300852,130.6700,24.42,1765422066133,False
1010300853,130.6800,235.15,1765422066334,False
1010300854,130.6700,10.00,1765422066520,True
1010300855,130.6700,10.15,1765422066839,True
1010300856,130.6700,0.09,1765422067013,True
1010300857,130.6800,0.02,1765422067059,False
1010300858,130.6700,2.83,1765422067414,True
1010300859,130.6800,42.07,1765422067528,False
1010300860,130.6700,38.55,1765422067935,True
1010300861,130.6700,5.06,1765422068063,True
1010300862,130.6800,5.00,1765422068095,False
1010300863,130.6700,4.59,1765422068221,True
1010300864,130.6700,1.86,1765422068414,True
1010300865,130.6800,4.35,1765422068419,False
1010300866,130.6700,3.90,1765422068664,True
1010300867,130.6800,0.14,1765422068725,False
1010300868,130.6800,0.65,1765422068861,False
1010300869,130.6700,3.57,1765422068968,True
1010300870,130.6800,0.76,1765422068974,False
1010300871,130.6700,1.06,1765422069078,True
1010300872,130.6800,3.82,1765422069179,False
1010300873,130.6700,4.01,1765422069205,True
1010300874,130.6800,0.22,1765422069265,False
1010300875,130.6700,0.70,1765422069737,True
1010300876,130.6800,0.51,1765422069849,False
1010300877,130.6700,0.09,1765422070036,True
1010300878,130.6700,202.47,1765422070221,True
1010300879,130.6700,190.45,1765422070381,True
1010300880,130.6700,50.16,1765422070491,False
1010300881,130.6600,6.12,1765422070922,True
1010300882,130.6700,34.29,1765422070948,False
1010300883,130.6700,1.30,1765422071135,True
1010300884,130.6700,0.04,1765422071542,True
1010300885,130.6800,4.51,1765422071601,False
1010300886,130.6700,0.59,1765422071715,True
1010300887,130.6800,116.42,1765422071803,False
1010300888,130.6900,76.64,1765422071808,False
1010300889,130.6900,0.47,1765422071919,True
1010300890,130.7000,0.07,1765422072152,False
1010300891,130.6900,15.62,1765422072285,True
1010300892,130.6800,1.04,1765422072478,True
1010300893,130.6800,0.62,1765422072786,True
1010300894,130.6800,0.09,1765422073061,True
1010300895,130.6900,0.50,1765422073099,False
1010300896,130.6800,3.80,1765422073199,True
1010300897,130.6800,110.63,1765422073348,True
1010300898,130.6700,159.18,1765422073372,True
1010300899,130.6700,0.05,1765422073487,False
1010300900,130.6600,30.75,1765422073500,True
1010300901,130.6500,5.36,1765422073508,True
1010300902,130.6500,5.00,1765422073566,False
1010300903,130.6400,1.10,1765422073855,True
1010300904,130.6500,0.05,1765422074129,False
1010300905,130.6400,0.15,1765422074378,True
1010300906,130.6500,20.99,1765422074397,False
1010300907,130.6600,1.78,1765422074458,False
1010300908,130.6500,4.45,1765422074969,True
1010300909,130.6600,3.05,1765422074988,False
1010300910,130.6500,1.89,1765422075267,True
1010300911,130.6500,0.17,1765422075316,False
1010300912,130.6400,0.13,1765422075460,True
1010300913,130.6500,0.09,1765422075514,False
1010300914,130.6400,0.95,1765422075607,True
1010300915,130.6500,5.97,1765422075669,False
1010300916,130.6500,47.47,1765422075791,False
1010300917,130.6400,18.46,1765422075846,True
1010300918,130.6500,0.15,1765422075928,False
1010300919,130.6400,0.51,1765422076046,True
1010300920,130.6500,1.90,1765422076223,False
1010300921,130.6400,11.36,1765422076284,True
1010300922,130.6300,0.77,1765422076355,True
1010300923,130.6300,16.03,1765422076492,True
1010300924,130.6300,0.01,1765422076512,False
1010300925,130.6200,153.77,1765422076621,True
1010300926,130.6100,454.47,1765422076718,True
1010300927,130.6000,1341.09,1765422076718,True
1010300928,130.5900,38.93,1765422076719,True
1010300929,130.5800,73.01,1765422076719,True
1010300930,130.5700,211.44,1765422076720,True
1010300931,130.5600,121.50,1765422076721,True
1010300932,130.5700,0.76,1765422076722,True
1010300933,130.5600,54.51,1765422076722,True
1010300934,130.5500,417.17,1765422076724,True
1010300935,130.5600,0.30,1765422076728,False
1010300936,130.5500,23.41,1765422076729,True
1010300937,130.5600,0.15,1765422076729,False
1010300938,130.5500,93.31,1765422076729,True
1010300939,130.5400,757.82,1765422076729,True
1010300940,130.5300,66.20,1765422076734,True
1010300941,130.5400,0.04,1765422076735,True
1010300942,130.5300,120.69,1765422076735,True
1010300943,130.5200,182.30,1765422076739,True
1010300944,130.5100,2.14,1765422076801,True
1010300945,130.5200,9.00,1765422076829,False
1010300946,130.5100,13.48,1765422076829,True
1010300947,130.5200,640.61,1765422076845,False
1010300948,130.5300,115.64,1765422076860,False
1010300949,130.5200,37.14,1765422076863,True
1010300950,130.5300,213.13,1765422076890,False
1010300951,130.5200,5.77,1765422076895,True
1010300952,130.5300,28.05,1765422076935,False
1010300953,130.5300,196.48,1765422076945,True
1010300954,130.5400,47.65,1765422076982,False
1010300955,130.5400,7.29,1765422076993,True
1010300956,130.5500,1.89,1765422077019,False
1010300957,130.5400,234.56,1765422077288,True
1010300958,130.5300,3.09,1765422077364,True
1010300959,130.5200,586.10,1765422077533,True
1010300960,130.5100,114.12,1765422077533,True
1010300961,130.5200,4.02,1765422077581,False
1010300962,130.5100,1.48,1765422077599,True
1010300963,130.5200,0.45,1765422077599,False
1010300964,130.5200,0.49,1765422077776,False
1010300965,130.5100,1.46,1765422077800,True
1010300966,130.5200,0.10,1765422077889,False
1010300967,130.5100,7.06,1765422077939,True
1010300968,130.5200,0.02,1765422077969,False
1010300969,130.5100,3.88,1765422078006,True
1010300970,130.5200,5.00,1765422078014,False
1010300971,130.5100,5.87,1765422078159,True
1010300972,130.5200,1.54,1765422078230,False
1010300973,130.5100,647.37,1765422078331,True
1010300974,130.5000,1.71,1765422078349,True
1010300975,130.5000,213.04,1765422078709,True
1010300976,130.5100,7.50,1765422078831,False
1010300977,130.5000,1.80,1765422078896,True
1010300978,130.5000,0.09,1765422079057,True
1010300979,130.5100,0.02,1765422079219,False
1010300980,130.5000,9.04,1765422079265,True
1010300981,130.5100,0.23,1765422079455,False
1010300982,130.5000,3.35,1765422079502,True
1010300983,130.5000,6.37,1765422079687,True
1010300984,130.5100,187.80,1765422079779,False
1010300985,130.5200,0.85,1765422079784,False
1010300986,130.5100,0.06,1765422080029,True
1010300987,130.5200,0.08,1765422080140,False
1010300988,130.5100,11.14,1765422080220,True
1010300989,130.5200,28.39,1765422080338,False
1010300990,130.5200,0.19,1765422080443,False
1010300991,130.5100,0.07,1765422080554,True
1010300992,130.5200,248.58,1765422080572,False
1010300993,130.5300,386.48,1765422080572,False
1010300994,130.5400,607.92,1765422080572,False
1010300995,130.5400,1.29,1765422080793,True
1010300996,130.5500,30.64,1765422081373,False
1010300997,130.5400,5.57,1765422081731,True
1010300998,130.5500,0.06,1765422082009,False
1010300999,130.5400,51.00,1765422082085,True
1010301000,130.5400,0.48,1765422082342,True
1010301001,130.5500,60.32,1765422082832,False
1010301002,130.5600,64.01,1765422082839,False
1010301003,130.5700,4.27,1765422082871,False
1010301004,130.5700,0.34,1765422082901,True
1010301005,130.5800,125.53,1765422083084,False
1010301006,130.5700,5.59,1765422083263,True
1010301007,130.5800,0.01,1765422083337,False
1010301008,130.5800,0.32,1765422083439,False
1010301009,130.5700,0.04,1765422083507,True
1010301010,130.5700,32.14,1765422083889,True
1010301011,130.5700,14.17,1765422084095,True
1010301012,130.5800,38.43,1765422084326,False
1010301013,130.5800,25.90,1765422084435,True
1010301014,130.5800,0.09,1765422085137,True
1010301015,130.5900,217.76,1765422085141,False
1010301016,130.5800,2.00,1765422085166,True
1010301017,130.5900,13.00,1765422085237,False
1010301018,130.5900,0.24,1765422085383,False
1010301019,130.5900,0.17,1765422085514,False
1010301020,130.5800,7.09,1765422085650,True
1010301021,130.5800,14.29,1765422085841,True
1010301022,130.5800,7.85,1765422086009,True
1010301023,130.5900,0.63,1765422086130,False
1010301024,130.5800,2.05,1765422086166,True
1010301025,130.5900,0.34,1765422086259,False
1010301026,130.5800,0.38,1765422086275,True
1010301027,130.5900,8.59,1765422086308,False
1010301028,130.6000,271.67,1765422086357,False
1010301029,130.6000,12.20,1765422086405,True
1010301030,130.6100,44.52,1765422086446,False
1010301031,130.6200,1.00,1765422086870,False
1010301032,130.6100,23.00,1765422086907,True
1010301033,130.6200,6.34,1765422087010,False
1010301034,130.6100,7.16,1765422087165,True
1010301035,130.6100,36.64,1765422087428,True
1010301036,130.6100,0.05,1765422087689,True
1010301037,130.6100,0.67,1765422087841,True
1010301038,130.6100,4.83,1765422088076,True
1010301039,130.6200,0.09,1765422088141,False
1010301040,130.6100,0.15,1765422088158,True
1010301041,130.6200,76.69,1765422088203,False
1010301042,130.6200,9.09,1765422088320,False
1010301043,130.6100,11.57,1765422088361,True
1010301044,130.6100,0.06,1765422088639,True
1010301045,130.6200,2.33,1765422088713,False
1010301046,130.6100,2.92,1765422088773,True
1010301047,130.6100,183.21,1765422088877,True
1010301048,130.6100,157.09,1765422089027,True
1010301049,130.6000,9.23,1765422089076,True
1010301050,130.5900,0.08,1765422089085,True
1010301051,130.5900,5.01,1765422089228,True
1010301052,130.5900,0.08,1765422089465,True
1010301053,130.5900,10.29,1765422089645,True
1010301054,130.5800,0.01,1765422089685,True
1010301055,130.5800,0.06,1765422089843,True
1010301056,130.5800,5.74,1765422089980,True
1010301057,130.5900,0.27,1765422090253,False
1010301058,130.5900,0.18,1765422090434,False
1010301059,130.5800,6.34,1765422091067,True
1010301060,130.5800,0.82,1765422091180,True
1010301061,130.5900,0.05,1765422091245,False
1010301062,130.5800,0.78,1765422091425,True
1010301063,130.5800,1.31,1765422091801,True
1010301064,130.5800,1.97,1765422091979,True
1010301065,130.5800,15.00,1765422092087,True
1010301066,130.5800,33.49,1765422092785,True
1010301067,130.5900,189.80,1765422092982,False
1010301068,130.5800,0.94,1765422093106,True
1010301069,130.5900,2.29,1765422093199,False
1010301070,130.5800,0.06,1765422093203,True
1010301071,130.5900,46.00,1765422093350,False
1010301072,130.5800,11.63,1765422093371,True
1010301073,130.5800,0.83,1765422093861,True
1010301074,130.5800,268.21,1765422093967,True
1010301075,130.5700,19.01,1765422094078,True
1010301076,130.5600,23.27,1765422094167,True
1010301077,130.5600,0.09,1765422094382,False
1010301078,130.5500,1.63,1765422094493,True
1010301079,130.5600,3.95,1765422094784,False
1010301080,130.5600,4.56,1765422094979,False
1010301081,130.5600,0.08,1765422095166,False
1010301082,130.5600,0.17,1765422095318,False
1010301083,130.5600,0.17,1765422095505,False
1010301084,130.5500,0.51,1765422095808,True
1010301085,130.5500,1.95,1765422096080,True
1010301086,130.5600,5.00,1765422096123,False
1010301087,130.5500,5.57,1765422096203,True
1010301088,130.5600,4.93,1765422096423,False
1010301089,130.5500,0.30,1765422096462,True
1010301090,130.5600,2.00,1765422096649,False
1010301091,130.5500,2.36,1765422096663,True
1010301092,130.5600,3.67,1765422096784,False
1010301093,130.5500,183.45,1765422096967,True
1010301094,130.5500,0.39,1765422097068,False
1010301095,130.5400,0.09,1765422097171,True
1010301096,130.5500,3.82,1765422097351,False
1010301097,130.5500,12.18,1765422097509,False
1010301098,130.5400,1.54,1765422097670,True
1010301099,130.5500,0.05,1765422097701,False
1010301100,130.5400,0.20,1765422097989,True
1010301101,130.5500,18.14,1765422098059,False
1010301102,130.5400,0.48,1765422098193,True
1010301103,130.5400,0.79,1765422098314,True
1010301104,130.5500,10.19,1765422098806,False
1010301105,130.5400,0.06,1765422098858,True
1010301106,130.5500,1.96,1765422098922,False
1010301107,130.5400,0.08,1765422099078,True
1010301108,130.5500,6.89,1765422099292,False
1010301109,130.5500,2.00,1765422099462,False
1010301110,130.5400,0.57,1765422099650,True
1010301111,130.5500,0.17,1765422099762,False
1010301112,130.5400,3.82,1765422099781,True
1010301113,130.5500,0.19,1765422099967,False
1010301114,130.5500,54.00,1765422100088,False
1010301115,130.5400,0.09,1765422100204,True
1010301116,130.5500,1699.97,1765422100424,False
1010301117,130.5600,17.39,1765422100437,False
1010301118,130.5700,0.09,1765422100515,False
1010301119,130.5600,0.14,1765422100561,True
1010301120,130.5600,0.23,1765422100728,True
1010301121,130.5600,94.47,1765422101529,True
1010301122,130.5500,31.89,1765422101529,True
1010301123,130.5400,125.81,1765422101745,True
1010301124,130.5300,10.18,1765422101750,True
1010301125,130.5300,2.25,1765422101758,False
1010301126,130.5300,0.05,1765422101915,False
1010301127,130.5200,10.00,1765422101918,True
1010301128,130.5200,1.06,1765422102026,True
1010301129,130.5200,1.01,1765422102471,True
1010301130,130.5200,1.27,1765422102927,True
1010301131,130.5200,0.09,1765422103058,True
1010301132,130.5200,0.06,1765422103204,True
1010301133,130.5200,14.08,1765422103370,True
1010301134,130.5200,3.25,1765422103486,True
1010301135,130.5200,9.65,1765422103751,True
1010301136,130.5200,0.06,1765422103860,True
1010301137,130.5200,0.08,1765422104072,True
1010301138,130.5300,7.49,1765422104662,False
1010301139,130.5200,6.13,1765422104683,True
1010301140,130.5200,476.32,1765422105110,True
1010301141,130.5100,278.99,1765422105144,True
1010301142,130.5000,107.36,1765422105144,True
1010301143,130.5100,0.16,1765422105151,True
1010301144,130.5200,0.80,1765422105198,False
1010301145,130.5100,13.23,1765422105503,True
1010301146,130.5200,0.09,1765422105514,False
1010301147,130.5100,1.00,1765422105752,True
1010301148,130.5100,223.32,1765422105867,True
1010301149,130.5000,161.49,1765422105867,True
1010301150,130.5000,45.93,1765422105997,True
1010301151,130.4900,26.71,1765422106025,True
1010301152,130.4800,5.00,1765422106062,True
1010301153,130.4900,0.05,1765422106126,False
1010301154,130.4800,0.63,1765422106132,True
1010301155,130.4900,53.70,1765422106137,False
1010301156,130.4900,4.73,1765422106432,False
1010301157,130.4800,0.15,1765422106432,True
1010301158,130.4800,0.04,1765422106757,True
1010301159,130.4900,0.06,1765422106953,False
1010301160,130.4800,0.63,1765422107247,True
1010301161,130.4900,0.15,1765422107334,False
1010301162,130.4800,180.22,1765422107378,True
1010301163,130.4700,14.00,1765422107483,True
1010301164,130.4700,0.72,1765422107510,False
1010301165,130.4600,3.84,1765422107517,True
1010301166,130.4700,15.40,1765422107595,False
1010301167,130.4600,9.24,1765422107675,True
1010301168,130.4700,0.09,1765422107678,False
1010301169,130.4600,4.26,1765422107727,True
1010301170,130.4700,0.79,1765422107747,False
1010301171,130.4600,41.93,1765422107766,True
1010301172,130.4700,3.00,1765422108129,False
1010301173,130.4600,1.06,1765422108154,True
1010301174,130.4600,1.20,1765422108303,True
1010301175,130.4700,23.25,1765422108317,False
1010301176,130.4600,116.94,1765422108340,True
1010301177,130.4600,32.35,1765422108488,True
1010301178,130.4700,0.72,1765422108576,False
1010301179,130.4600,0.06,1765422108858,True
1010301180,130.4700,0.18,1765422108928,False
1010301181,130.4600,1.63,1765422109031,True
1010301182,130.4700,99.00,1765422109031,False
1010301183,130.4800,65.77,1765422109031,False
1010301184,130.4600,1.60,1765422109031,True
1010301185,130.4800,4.24,1765422109031,False
1010301186,130.4900,16.90,1765422109031,False
1010301187,130.4700,3.58,1765422109031,True
1010301188,130.4900,0.50,1765422109031,False
1010301189,130.4700,12.41,1765422109031,True
1010301190,130.4600,90.03,1765422109031,True
1010301191,130.4900,9.61,1765422109031,False
1010301192,130.4800,1.19,1765422109031,True
1010301193,130.4900,4.30,1765422109031,False
1010301194,130.4800,0.09,1765422109031,True
1010301195,130.4900,3.80,1765422109031,False
1010301196,130.4800,14.72,1765422109031,True
1010301197,130.4600,1088.53,1765422109031,True
1010301198,130.4500,588.73,1765422109031,True
1010301199,130.4900,2.27,1765422109031,False
1010301200,130.4500,358.31,1765422109031,True
1010301201,130.4400,123.05,1765422109032,True
1010301202,130.4900,4.10,1765422109032,False
1010301203,130.4400,52.33,1765422109032,True
1010301204,130.4900,40.21,1765422109032,False
1010301205,130.4400,0.87,1765422109032,True
1010301206,130.4800,560.07,1765422109034,True
1010301207,130.4700,153.10,1765422109036,True
1010301208,130.4800,0.05,1765422109037,False
1010301209,130.4700,36.45,1765422109040,True
1010301210,130.4600,7.69,1765422109045,True
1010301211,130.4700,5.00,1765422109054,False
1010301212,130.4600,41.50,1765422109055,True
1010301213,130.4700,80.08,1765422109111,False
1010301214,130.4600,1.59,1765422109129,True
1010301215,130.4700,1.78,1765422109256,False
1010301216,130.4600,1.25,1765422109260,True
1010301217,130.4600,3.50,1765422109399,True
1010301218,130.4700,330.56,1765422109402,False
1010301219,130.4800,8.14,1765422109408,False
1010301220,130.4800,1.36,1765422109436,True
1010301221,130.4900,2.92,1765422109500,False
1010301222,130.4900,19.82,1765422109509,True
1010301223,130.4900,34.01,1765422109664,True
1010301224,130.5000,11.41,1765422109670,False
1010301225,130.4900,5.20,1765422109675,True
1010301226,130.5000,326.83,1765422109726,False
1010301227,130.5100,0.05,1765422109775,False
1010301228,130.5000,13.92,1765422109818,True
1010301229,130.5100,0.43,1765422109862,False
1010301230,130.5000,29.51,1765422109936,True
1010301231,130.5000,40.82,1765422110042,True
1010301232,130.5000,0.19,1765422110158,True
1010301233,130.5100,0.07,1765422110231,False
1010301234,130.5000,11.33,1765422110233,True
1010301235,130.5100,7.06,1765422110375,False
1010301236,130.5000,0.05,1765422110519,True
1010301237,130.5100,1.47,1765422110668,False
1010301238,130.5000,6.72,1765422110923,True
1010301239,130.5100,8.65,1765422111008,False
1010301240,130.5000,1.02,1765422111257,True
1010301241,130.5000,33.80,1765422111374,True
1010301242,130.4900,1.22,1765422111438,True
1010301243,130.5000,100.00,1765422111513,False
1010301244,130.5000,1.04,1765422111764,False
1010301245,130.4900,2.05,1765422111809,True
1010301246,130.5000,1.67,1765422111936,False
1010301247,130.5000,0.07,1765422112043,False
1010301248,130.4900,0.09,1765422112046,True
1010301249,130.5000,1.69,1765422112208,False
1010301250,130.4900,359.84,1765422112354,True
1010301251,130.5000,3.17,1765422112372,False
1010301252,130.4900,0.14,1765422112571,True
1010301253,130.4900,0.77,1765422112702,True
1010301254,130.5000,3.59,1765422112750,False
1010301255,130.5000,8.72,1765422112918,False
1010301256,130.5000,1.92,1765422113147,False
1010301257,130.4900,1.18,1765422113217,True
1010301258,130.5000,2.00,1765422113265,False
1010301259,130.5000,0.34,1765422113430,False
1010301260,130.5000,0.90,1765422113544,False
1010301261,130.4900,26.02,1765422113704,True
1010301262,130.4900,0.06,1765422113855,True
1010301263,130.4900,0.08,1765422114074,True
1010301264,130.5000,256.26,1765422114121,False
1010301265,130.5000,0.27,1765422114397,False
1010301266,130.4900,13.76,1765422114504,True
1010301267,130.4900,2.23,1765422114697,True
1010301268,130.5000,4.02,1765422115035,False
1010301269,130.4900,0.09,1765422115065,True
1010301270,130.5000,5.62,1765422115123,False
1010301271,130.4900,0.39,1765422115170,True
1010301272,130.4900,6.27,1765422115277,True
1010301273,130.5000,2.18,1765422115497,False
1010301274,130.4900,13.17,1765422115564,True
1010301275,130.5000,9.49,1765422115564,False
1010301276,130.4900,0.77,1765422115750,True
1010301277,130.5000,5.74,1765422116113,False
1010301278,130.5000,0.23,1765422116487,False
1010301279,130.4900,54.50,1765422116535,True
1010301280,130.4900,6.72,1765422116663,True
1010301281,130.4900,1.19,1765422117206,True
1010301282,130.5000,0.39,1765422117239,False
1010301283,130.5000,0.87,1765422117434,False
1010301284,130.4900,6.44,1765422117472,True
1010301285,130.4900,0.26,1765422117697,True
1010301286,130.5000,5.49,1765422117700,False
1010301287,130.4900,0.09,1765422118090,True
1010301288,130.4900,0.06,1765422118197,True
1010301289,130.4900,100.00,1765422118429,True
1010301290,130.5000,217.77,1765422118434,False
1010301291,130.4900,25.05,1765422118435,True
1010301292,130.4900,20.63,1765422118576,False
1010301293,130.5000,14.87,1765422118783,False
1010301294,130.5000,0.29,1765422118864,True
1010301295,130.5000,1.91,1765422118967,True
1010301296,130.5000,0.08,1765422119086,True
1010301297,130.5000,153.25,1765422119210,True
1010301298,130.5000,1.18,1765422119441,True
1010301299,130.5000,1.28,1765422119626,True
1010301300,130.5100,214.71,1765422119832,False
1010301301,130.5200,49.04,1765422119842,False
1010301302,130.5100,3.85,1765422119857,True
1010301303,130.5200,17.49,1765422120015,False
1010301304,130.5200,19.54,1765422120225,True
1010301305,130.5300,0.10,1765422120236,False
1010301306,130.5200,36.59,1765422120349,True
1010301307,130.5300,0.06,1765422120364,False
1010301308,130.5300,5.00,1765422120528,False
1010301309,130.5200,9.71,1765422120569,True
1010301310,130.5300,0.15,1765422120687,False
1010301311,130.5200,150.55,1765422120714,True
1010301312,130.5100,40.42,1765422120723,True
1010301313,130.5200,0.72,1765422120738,False
1010301314,130.5100,0.15,1765422120748,True
1010301315,130.5000,45.99,1765422120831,True
1010301316,130.4900,21.70,1765422120849,True
1010301317,130.5000,0.72,1765422120856,False
1010301318,130.4900,6.79,1765422120878,True
1010301319,130.4900,0.05,1765422121059,False
1010301320,130.4800,40.03,1765422121122,True
1010301321,130.4700,111.72,1765422121163,True
1010301322,130.4700,0.35,1765422121312,False
1010301323,130.4600,0.11,1765422121315,True
1010301324,130.4700,0.17,1765422121316,False
1010301325,130.4600,7.91,1765422121319,True
1010301326,130.4700,0.43,1765422121321,False
1010301327,130.4600,0.04,1765422121328,True
1010301328,130.4700,38.84,1765422121437,False
1010301329,130.4800,30.70,1765422121451,False
1010301330,130.4900,29.89,1765422121554,False
1010301331,130.4900,75.89,1765422121890,True
1010301332,130.4800,6.88,1765422121925,True
1010301333,130.4800,73.68,1765422122004,False
1010301334,130.4800,45.00,1765422122376,False
1010301335,130.4800,28.45,1765422122645,False
1010301336,130.4900,1.74,1765422122653,False
1010301337,130.4800,10.43,1765422122765,True
1010301338,130.4900,47.71,1765422122818,False
1010301339,130.4900,0.24,1765422122831,True
1010301340,130.5000,0.05,1765422122892,False
1010301341,130.4900,13.14,1765422122924,True
1010301342,130.5000,40.37,1765422122932,False
1010301343,130.5000,42.01,1765422123096,True
1010301344,130.5100,28.82,1765422123164,False
1010301345,130.5000,0.06,1765422123201,True
1010301346,130.5000,0.22,1765422123327,True
1010301347,130.5000,2.34,1765422123544,True
1010301348,130.5000,4.42,1765422123710,True
1010301349,130.5100,0.10,1765422123838,False
1010301350,130.5000,0.06,1765422123878,True
1010301351,130.5000,222.90,1765422124081,True
1010301352,130.5100,217.79,1765422124155,False
1010301353,130.5000,0.04,1765422124256,True
1010301354,130.5100,23.93,1765422124278,False
1010301355,130.5200,47.17,1765422124394,False
1010301356,130.5300,16.22,1765422124439,False
1010301357,130.5300,0.28,1765422124517,True
1010301358,130.5400,5.85,1765422124592,False
1010301359,130.5300,0.19,1765422124697,True
1010301360,130.5400,60.86,1765422124724,False
1010301361,130.5400,0.09,1765422124829,True
1010301362,130.5500,0.08,1765422124884,False
1010301363,130.5400,0.59,1765422124898,True
1010301364,130.5500,0.17,1765422125000,False
1010301365,130.5400,0.41,1765422125040,True
1010301366,130.5400,0.14,1765422125194,True
1010301367,130.5400,0.43,1765422125319,True
1010301368,130.5500,0.09,1765422125497,False
1010301369,130.5400,0.58,1765422125631,True
1010301370,130.5400,1.15,1765422125860,True
1010301371,130.5500,0.26,1765422125940,False
1010301372,130.5400,0.26,1765422125981,True
1010301373,130.5500,50.13,1765422126020,False
1010301374,130.5600,23.75,1765422126028,False
1010301375,130.5600,18.53,1765422126203,True
1010301376,130.5700,22.00,1765422126411,False
1010301377,130.5600,401.86,1765422126575,True
1010301378,130.5500,53.20,1765422126582,True
1010301379,130.5500,0.16,1765422126677,False
1010301380,130.5400,3.63,1765422126890,True
1010301381,130.5500,0.30,1765422126942,False
1010301382,130.5400,5.00,1765422126957,True
1010301383,130.5500,5.82,1765422127041,False
1010301384,130.5600,14.75,1765422127082,False
1010301385,130.5500,0.09,1765422127183,True
1010301386,130.5600,8.37,1765422127213,False
1010301387,130.5700,70.74,1765422127724,False
1010301388,130.5800,41.89,1765422127792,False
1010301389,130.5800,0.82,1765422127893,True
1010301390,130.5900,0.92,1765422127999,False
1010301391,130.5800,1.77,1765422128020,True
1010301392,130.5900,0.14,1765422128199,False
1010301393,130.5800,211.21,1765422128203,True
1010301394,130.5700,109.26,1765422128313,True
1010301395,130.5600,16.59,1765422128399,True
1010301396,130.5600,36.83,1765422128723,False
1010301397,130.5500,187.93,1765422128794,True
1010301398,130.5400,273.42,1765422128804,True
1010301399,130.5300,22.36,1765422128883,True
1010301400,130.5200,3.84,1765422128922,True
1010301401,130.5100,106.07,1765422128941,True
1010301402,130.5200,2.28,1765422129011,False
1010301403,130.5100,75.12,1765422129037,True
1010301404,130.5000,72.23,1765422129104,True
1010301405,130.4900,61.07,1765422129106,True
1010301406,130.4800,6.01,1765422129120,True
1010301407,130.4700,2.06,1765422129228,True
1010301408,130.4800,442.65,1765422129268,False
1010301409,130.4800,136.73,1765422129372,False
1010301410,130.4800,1.21,1765422129416,True
1010301411,130.4900,10.00,1765422129500,False
1010301412,130.4900,104.36,1765422129754,False
1010301413,130.5000,42.22,1765422129754,False
1010301414,130.4900,144.83,1765422130095,True
1010301415,130.4800,0.09,1765422130119,True
1010301416,130.4900,3.82,1765422130209,False
1010301417,130.4800,12.83,1765422130309,True
1010301418,130.4900,183.42,1765422130330,False
1010301419,130.5000,13.69,1765422130370,False
1010301420,130.5100,4.59,1765422130472,False
1010301421,130.5000,25.15,1765422130812,True
1010301422,130.5000,0.13,1765422130956,True
1010301423,130.5100,0.25,1765422130999,False
1010301424,130.5000,679.15,1765422131049,True
1010301425,130.4900,653.72,1765422131094,True
1010301426,130.4800,188.24,1765422131110,True
1010301427,130.4700,5.94,1765422131128,True
1010301428,130.4800,649.03,1765422131185,False
1010301429,130.4900,9.13,1765422131265,False
1010301430,130.5000,10.18,1765422131316,False
1010301431,130.5000,1.15,1765422131360,True
1010301432,130.5100,38.33,1765422131369,False
1010301433,130.5200,23.34,1765422131493,False
1010301434,130.5300,24.70,1765422131493,False
1010301435,130.5200,0.73,1765422131493,True
1010301436,130.5300,49.16,1765422131643,False
1010301437,130.5400,144.71,1765422131796,False
1010301438,130.5400,0.38,1765422131854,True
1010301439,130.5500,58.33,1765422131988,False
1010301440,130.5600,0.09,1765422132295,False
1010301441,130.5600,1.00,1765422132634,False
1010301442,130.5500,1.19,1765422132731,True
1010301443,130.5600,0.04,1765422132765,False
1010301444,130.5600,5.00,1765422132871,False
1010301445,130.5500,30.13,1765422132956,True
1010301446,130.5400,0.09,1765422133177,True
1010301447,130.5500,163.08,1765422133181,False
1010301448,130.5500,0.06,1765422133199,True
1010301449,130.5600,1.14,1765422133320,False
1010301450,130.5500,2.27,1765422133801,True
1010301451,130.5500,0.08,1765422134075,True
1010301452,130.5500,45.60,1765422134222,True
1010301453,130.5400,44.50,1765422134311,True
1010301454,130.5300,1.00,1765422134343,True
1010301455,130.5400,0.99,1765422134474,False
1010301456,130.5400,0.10,1765422134683,False
1010301457,130.5300,0.16,1765422134770,True
1010301458,130.5400,0.04,1765422135154,False
1010301459,130.5400,46.99,1765422135319,False
1010301460,130.5500,51.30,1765422135326,False
1010301461,130.5600,10.00,1765422135359,False
1010301462,130.5500,18.38,1765422135378,True
1010301463,130.5600,28.34,1765422135496,False
1010301464,130.5600,133.77,1765422135508,True
1010301465,130.5600,373.69,1765422135795,True
1010301466,130.5600,0.76,1765422135889,False
1010301467,130.5500,44.20,1765422136002,True
1010301468,130.5400,0.09,1765422136103,True
1010301469,130.5500,0.16,1765422136111,False
1010301470,130.5400,45.60,1765422136253,True
1010301471,130.5400,0.12,1765422136284,False
1010301472,130.5300,52.37,1765422136511,True
1010301473,130.5300,0.38,1765422136536,False
1010301474,130.5200,26.10,1765422136698,True
1010301475,130.5300,3.37,1765422136759,False
1010301476,130.5400,2.79,1765422136764,False
1010301477,130.5500,6.74,1765422136833,False
1010301478,130.5500,354.18,1765422136892,True
1010301479,130.5500,0.15,1765422136938,False
1010301480,130.5400,40.71,1765422136990,True
1010301481,130.5400,16.40,1765422137146,False
1010301482,130.5400,5.10,1765422137262,False
1010301483,130.5300,2.06,1765422137783,True
1010301484,130.5400,0.10,1765422137866,False
1010301485,130.5300,8.23,1765422137948,True
1010301486,130.5300,34.16,1765422138080,True
1010301487,130.5200,0.09,1765422138201,True
1010301488,130.5300,4.12,1765422138206,False
1010301489,130.5200,5.88,1765422138258,True
1010301490,130.5300,36.27,1765422138344,False
1010301491,130.5400,2.00,1765422138533,False
1010301492,130.5300,1.49,1765422138620,True
1010301493,130.5400,1.04,1765422138706,False
1010301494,130.5300,0.23,1765422138719,True
1010301495,130.5300,0.46,1765422138856,True
1010301496,130.5400,0.17,1765422138961,False
1010301497,130.5300,4.52,1765422139002,True
1010301498,130.5300,0.09,1765422139137,True
1010301499,130.5400,421.18,1765422139141,False
1010301500,130.5500,96.85,1765422139155,False
1010301501,130.5500,24.85,1765422139258,False
1010301502,130.5500,0.07,1765422139457,False
1010301503,130.5400,86.28,1765422139462,True
1010301504,130.5300,12.36,1765422139472,True
1010301505,130.5300,8.90,1765422139618,False
1010301506,130.5300,82.10,1765422139782,False
1010301507,130.5400,1.25,1765422139840,False
1010301508,130.5500,8.22,1765422139887,False
1010301509,130.5500,402.91,1765422139950,True
1010301510,130.5400,5.04,1765422139961,True
1010301511,130.5500,452.37,1765422140436,False
1010301512,130.5600,0.32,1765422140521,False
1010301513,130.5500,0.81,1765422140776,True
1010301514,130.5500,245.77,1765422140938,True
1010301515,130.5400,152.83,1765422140942,True
1010301516,130.5400,218.01,1765422140991,False
1010301517,130.5300,7.74,1765422141095,True
1010301518,130.5300,3.26,1765422141295,True
1010301519,130.5300,78.12,1765422141751,True
1010301520,130.5400,17.64,1765422141764,False
1010301521,130.5400,9.80,1765422141806,True
1010301522,130.5500,2.00,1765422141990,False
1010301523,130.5400,0.20,1765422142027,True
1010301524,130.5400,67.47,1765422142210,True
1010301525,130.5400,0.01,1765422142377,True
1010301526,130.5500,113.34,1765422142547,False
1010301527,130.5600,13.93,1765422142569,False
1010301528,130.5700,17.19,1765422142796,False
1010301529,130.5800,1.00,1765422142848,False
1010301530,130.5700,0.23,1765422142909,True
1010301531,130.5800,18.51,1765422143076,False
1010301532,130.5800,3.90,1765422143409,True
1010301533,130.5800,6.77,1765422143567,True
1010301534,130.5900,5.38,1765422143579,False
1010301535,130.5900,0.09,1765422143680,False
1010301536,130.5800,0.08,1765422143811,True
1010301537,130.5800,6.20,1765422144060,True
1010301538,130.5800,55.00,1765422144293,True
1010301539,130.5900,4.36,1765422144329,False
1010301540,130.5800,153.12,1765422144381,True
1010301541,130.5800,0.08,1765422144528,True
1010301542,130.5800,0.14,1765422145058,True
1010301543,130.5800,12.12,1765422145286,True
1010301544,130.5900,7.75,1765422145412,False
1010301545,130.5900,2.05,1765422145604,False
1010301546,130.5900,11.02,1765422145777,False
1010301547,130.5800,0.48,1765422145858,True
1010301548,130.5800,133.66,1765422145961,True
1010301549,130.5700,3.57,1765422146041,True
1010301550,130.5800,1.96,1765422146085,False
1010301551,130.5700,50.89,1765422146170,True
1010301552,130.5600,2.20,1765422146214,True
1010301553,130.5600,0.72,1765422146218,False
1010301554,130.5500,2.49,1765422146242,True
1010301555,130.5500,186.08,1765422146403,False
1010301556,130.5500,0.10,1765422146525,False
1010301557,130.5400,1.42,1765422146655,True
1010301558,130.5500,191.37,1765422146748,False
1010301559,130.5600,148.95,1765422146803,False
1010301560,130.5500,20.23,1765422146827,True
1010301561,130.5600,0.65,1765422146892,False
1010301562,130.5600,0.15,1765422147145,False
1010301563,130.5500,3.76,1765422147463,True
1010301564,130.5600,529.63,1765422147621,False
1010301565,130.5700,348.15,1765422147621,False
1010301566,130.5800,125.11,1765422147623,False
1010301567,130.5900,38.58,1765422147665,False
1010301568,130.5900,0.14,1765422148027,True
1010301569,130.6000,0.23,1765422148126,False
1010301570,130.5900,0.09,1765422148172,True
1010301571,130.5900,0.18,1765422148689,True
1010301572,130.5900,6.12,1765422148962,True
1010301573,130.6000,2.29,1765422149133,False
1010301574,130.6000,15.70,1765422149245,False
1010301575,130.5900,0.45,1765422149356,True
1010301576,130.5900,0.13,1765422149623,True
1010301577,130.5900,0.06,1765422149755,True
1010301578,130.6000,157.09,1765422150174,False
1010301579,130.5900,0.22,1765422150411,True
1010301580,130.6000,0.88,1765422150494,False
1010301581,130.6000,244.50,1765422150747,False
1010301582,130.6000,0.77,1765422150778,True
1010301583,130.6100,0.72,1765422150788,False
1010301584,130.6000,1425.51,1765422150820,True
1010301585,130.5900,307.55,1765422150893,True
1010301586,130.6000,0.15,1765422150894,False
1010301587,130.5900,278.23,1765422150895,True
1010301588,130.5900,0.09,1765422151065,True
1010301589,130.6000,43.88,1765422151226,False
1010301590,130.6000,5.19,1765422151283,True
1010301591,130.6100,6.00,1765422151329,False
1010301592,130.6000,0.25,1765422151381,True
1010301593,130.6100,1.39,1765422151416,False
1010301594,130.6100,150.95,1765422151545,False
1010301595,130.6200,0.61,1765422152066,False
1010301596,130.6200,4.58,1765422152578,False
1010301597,130.6100,0.29,1765422152725,True
1010301598,130.6200,12.90,1765422153092,False
1010301599,130.6200,24.70,1765422153505,False
1010301600,130.6100,3.27,1765422153635,True
1010301601,130.6200,1.13,1765422153722,False
1010301602,130.6100,1.00,1765422153738,True
1010301603,130.6100,50.00,1765422153840,True
1010301604,130.6100,0.05,1765422154037,True
1010301605,130.6200,0.11,1765422154046,False
1010301606,130.6100,0.09,1765422154080,True
1010301607,130.6100,0.08,1765422154219,True
1010301608,130.6100,1.86,1765422154348,True
1010301609,130.6200,54.66,1765422154602,False
1010301610,130.6200,0.23,1765422154814,True
1010301611,130.6300,194.37,1765422154935,False
1010301612,130.6400,13.86,1765422154940,False
1010301613,130.6400,230.40,1765422154976,True
1010301614,130.6300,44.94,1765422154990,True
1010301615,130.6200,21.04,1765422155032,True
1010301616,130.6100,22.09,1765422155053,True
1010301617,130.6100,649.68,1765422155070,False
1010301618,130.6200,0.17,1765422155304,False
1010301619,130.6100,2.32,1765422155462,True
1010301620,130.6100,33.79,1765422155692,True
1010301621,130.6100,0.83,1765422155804,True
1010301622,130.6200,1.80,1765422155922,False
1010301623,130.6100,143.68,1765422156031,True
1010301624,130.6000,11.35,1765422156106,True
1010301625,130.5900,2.94,1765422156127,True
1010301626,130.6000,0.72,1765422156483,False
1010301627,130.6000,5.48,1765422156738,False
1010301628,130.5900,1.86,1765422156833,True
1010301629,130.5900,1.09,1765422157139,True
1010301630,130.5900,1.03,1765422157374,True
1010301631,130.6000,28.80,1765422157398,False
1010301632,130.5900,1.18,1765422157624,True
1010301633,130.5900,0.38,1765422157829,True
1010301634,130.5900,0.08,1765422158246,True
1010301635,130.6000,3.82,1765422158493,False
1010301636,130.5900,1.08,1765422158503,True
1010301637,130.6000,10.47,1765422158927,False
1010301638,130.5900,8.37,1765422159014,True
1010301639,130.6000,31.67,1765422159157,False
1010301640,130.6000,5.00,1765422159165,True
1010301641,130.6000,0.05,1765422159668,True
1010301642,130.6000,25.38,1765422159863,True
1010301643,130.5900,168.30,1765422160148,True
1010301644,130.5800,23.06,1765422160178,True
1010301645,130.5700,58.09,1765422160239,True
1010301646,130.5600,10.78,1765422160298,True
1010301647,130.5500,16.96,1765422160317,True
1010301648,130.5500,0.72,1765422160327,False
1010301649,130.5400,0.12,1765422160341,True
1010301650,130.5500,0.29,1765422160352,False
1010301651,130.5400,1.07,1765422160675,True
1010301652,130.5400,1.09,1765422160781,True
1010301653,130.5400,0.64,1765422161008,True
1010301654,130.5500,7.05,1765422161211,False
1010301655,130.5600,0.38,1765422161214,False
1010301656,130.5600,10.27,1765422161543,False
1010301657,130.5700,17.64,1765422161547,False
1010301658,130.5800,3.51,1765422161602,False
1010301659,130.5800,0.05,1765422161626,True
1010301660,130.5800,0.44,1765422161905,True
1010301661,130.5800,0.05,1765422162116,True
1010301662,130.5900,52.15,1765422162233,False
1010301663,130.5800,1.53,1765422162580,True
1010301664,130.5800,0.09,1765422163081,True
1010301665,130.5800,0.11,1765422163190,True
1010301666,130.5900,8.68,1765422163623,False
1010301667,130.5900,0.95,1765422163790,False
1010301668,130.5800,200.75,1765422164033,True
1010301669,130.5700,117.94,1765422164054,True
1010301670,130.5600,3.87,1765422164124,True
1010301671,130.5700,11.23,1765422164240,False
1010301672,130.5700,32.93,1765422164542,False
1010301673,130.5700,8.00,1765422164757,True
1010301674,130.5800,6.90,1765422164862,False
1010301675,130.5900,644.72,1765422165205,False
1010301676,130.6000,820.36,1765422165205,False
1010301677,130.6100,0.15,1765422165214,False
1010301678,130.6000,128.00,1765422165252,True
1010301679,130.6000,0.15,1765422165261,False
1010301680,130.5900,3.50,1765422165599,True
1010301681,130.5900,0.57,1765422165829,True
1010301682,130.5900,22.93,1765422166033,True
1010301683,130.5900,51.78,1765422166138,True
1010301684,130.5900,3.44,1765422166155,False
1010301685,130.5800,1.60,1765422166170,True
1010301686,130.5700,2.87,1765422166190,True
1010301687,130.5700,18.04,1765422166191,False
1010301688,130.5600,0.76,1765422166360,True
1010301689,130.5600,0.21,1765422166625,True
1010301690,130.5600,0.67,1765422167112,True
1010301691,130.5700,1.48,1765422167259,False
1010301692,130.5700,391.08,1765422167432,False
1010301693,130.5700,1.63,1765422167637,True
1010301694,130.5700,0.06,1765422167781,True
1010301695,130.5700,50.00,1765422167895,True
1010301696,130.5800,14.21,1765422168015,False
1010301697,130.5800,51.92,1765422168053,True
1010301698,130.5800,396.45,1765422168569,True
1010301699,130.5700,274.36,1765422168616,True
1010301700,130.5600,5.10,1765422168824,True
1010301701,130.5600,101.52,1765422169130,True
1010301702,130.5500,9.73,1765422169204,True
1010301703,130.5400,2.28,1765422169252,True
1010301704,130.5400,25.89,1765422169381,True
1010301705,130.5400,0.72,1765422169386,False
1010301706,130.5300,0.26,1765422169575,True
1010301707,130.5400,0.05,1765422169639,False
1010301708,130.5400,122.08,1765422169978,False
1010301709,130.5500,281.46,1765422170050,False
1010301710,130.5600,207.14,1765422170050,False
1010301711,130.5700,553.79,1765422170050,False
1010301712,130.5800,414.75,1765422170050,False
1010301713,130.5600,0.15,1765422170054,True
1010301714,130.5700,9.00,1765422170054,False
1010301715,130.5600,82.28,1765422170061,True
1010301716,130.5600,45.21,1765422170471,False
1010301717,130.5700,20.00,1765422170777,False
1010301718,130.5700,40.07,1765422171066,False
1010301719,130.5600,7.92,1765422171099,True
1010301720,130.5700,1.00,1765422171139,False
1010301721,130.5600,1.53,1765422171294,True
1010301722,130.5700,15.38,1765422171346,False
1010301723,130.5600,0.64,1765422171372,True
1010301724,130.5600,1.71,1765422171660,True
1010301725,130.5600,38.85,1765422171813,True
1010301726,130.5600,0.10,1765422172060,True
1010301727,130.5700,53.51,1765422172125,False
1010301728,130.5600,0.09,1765422172199,True
1010301729,130.5700,17.96,1765422172307,False
1010301730,130.5600,3.58,1765422172365,True
1010301731,130.5700,0.88,1765422172586,False
1010301732,130.5600,1.25,1765422172686,True
1010301733,130.5600,0.86,1765422173033,True
1010301734,130.5700,0.38,1765422173050,False
1010301735,130.5600,0.09,1765422173135,True
1010301736,130.5600,32.40,1765422173561,True
1010301737,130.5500,296.91,1765422173562,True
1010301738,130.5400,135.18,1765422173566,True
1010301739,130.5300,70.35,1765422173603,True
1010301740,130.5300,0.38,1765422173650,False
1010301741,130.5200,21.98,1765422173673,True
1010301742,130.5100,2.43,1765422173685,True
1010301743,130.5200,156.00,1765422173797,False
1010301744,130.5200,6.88,1765422173899,False
1010301745,130.5300,26.13,1765422173965,False
1010301746,130.5300,1.62,1765422173999,True
1010301747,130.5400,1.66,1765422174004,False
1010301748,130.5300,0.10,1765422174366,True
1010301749,130.5400,0.11,1765422174383,False
1010301750,130.5300,4.66,1765422174416,True
1010301751,130.5400,7.06,1765422174468,False
1010301752,130.5300,0.10,1765422174473,True
1010301753,130.5300,0.20,1765422175044,True
1010301754,130.5300,60.89,1765422175175,True
1010301755,130.5300,72.42,1765422175461,True
1010301756,130.5400,8.67,1765422175623,False
1010301757,130.5400,5.38,1765422175761,False
1010301758,130.5300,161.14,1765422175803,True
1010301759,130.5200,70.45,1765422175868,True
1010301760,130.5100,111.24,1765422175880,True
1010301761,130.5000,247.96,1765422175885,True
1010301762,130.4900,600.40,1765422175895,True
1010301763,130.4800,385.28,1765422175936,True
1010301764,130.4700,599.47,1765422175942,True
1010301765,130.4700,14.09,1765422176084,True
1010301766,130.4700,33.01,1765422176162,False
1010301767,130.4600,68.64,1765422176232,True
1010301768,130.4500,175.34,1765422176232,True
1010301769,130.4400,245.53,1765422176232,True
1010301770,130.4300,0.12,1765422176235,True
1010301771,130.4700,95.02,1765422176243,False
1010301772,130.4600,1.01,1765422176256,True
1010301773,130.4700,73.33,1765422176258,False
1010301774,130.4600,16.50,1765422176286,True
1010301775,130.4700,337.11,1765422176321,False
1010301776,130.4600,0.46,1765422176367,True
1010301777,130.4700,111.84,1765422176382,False
1010301778,130.4600,2.15,1765422176429,True
1010301779,130.4700,2.38,1765422176552,False
1010301780,130.4700,7.66,1765422176590,True
1010301781,130.4800,0.21,1765422176626,False
1010301782,130.4700,1.60,1765422176662,True
1010301783,130.4800,0.76,1765422176782,False
1010301784,130.4700,63.52,1765422176846,True
1010301785,130.4600,9.12,1765422176927,True
1010301786,130.4600,2.88,1765422177029,True
1010301787,130.4700,25.77,1765422177191,False
1010301788,130.4700,0.04,1765422177239,True
1010301789,130.4800,1.14,1765422177243,False
1010301790,130.4700,299.20,1765422177268,True
1010301791,130.4600,91.91,1765422177449,True
1010301792,130.4500,6.83,1765422177492,True
1010301793,130.4400,7.21,1765422177560,True
1010301794,130.4300,180.89,1765422177569,True
1010301795,130.4200,62.98,1765422177610,True
1010301796,130.4200,0.80,1765422177657,False
1010301797,130.4100,21.50,1765422177683,True
1010301798,130.4000,0.85,1765422177722,True
1010301799,130.4100,0.31,1765422177722,False
1010301800,130.4000,22.38,1765422177730,True
1010301801,130.4100,37.79,1765422177733,False
1010301802,130.4000,61.02,1765422177752,True
1010301803,130.4100,105.68,1765422177761,False
1010301804,130.4200,16.29,1765422177778,False
1010301805,130.4300,34.49,1765422177803,False
1010301806,130.4400,25.79,1765422177804,False
1010301807,130.4500,1.36,1765422177841,False
1010301808,130.4500,0.04,1765422178036,True
1010301809,130.4600,7.27,1765422178036,False
1010301810,130.4500,4.69,1765422178064,True
1010301811,130.4500,0.23,1765422178170,True
1010301812,130.4600,10.61,1765422178181,False
1010301813,130.4600,0.29,1765422178184,True
1010301814,130.4700,47.06,1765422178190,False
1010301815,130.4700,99.68,1765422178215,True
1010301816,130.4700,9.00,1765422178340,True
1010301817,130.4700,13.52,1765422178527,True
1010301818,130.4600,50.19,1765422178566,True
1010301819,130.4700,1.88,1765422178615,False
1010301820,130.4600,3.96,1765422178696,True
1010301821,130.4600,0.44,1765422178797,True
1010301822,130.4600,0.15,1765422178944,True
1010301823,130.4700,35.78,1765422179006,False
1010301824,130.4600,311.16,1765422179033,True
1010301825,130.4600,0.73,1765422179033,False
1010301826,130.4500,160.54,1765422179033,True
1010301827,130.4600,10.45,1765422179034,False
1010301828,130.4500,136.59,1765422179035,True
1010301829,130.4500,5.36,1765422179209,False
1010301830,130.4400,165.71,1765422179225,True
1010301831,130.4500,1.34,1765422179238,False
1010301832,130.4400,10.54,1765422179271,True
1010301833,130.4500,5.00,1765422179302,False
1010301834,130.4400,0.69,1765422179311,True
1010301835,130.4400,85.74,1765422179419,True
1010301836,130.4500,211.00,1765422179505,False
1010301837,130.4500,7.91,1765422179519,True
1010301838,130.4600,52.82,1765422179536,False
1010301839,130.4700,0.56,1765422179536,False
1010301840,130.4600,45.82,1765422179538,True
1010301841,130.4700,56.23,1765422179642,False
1010301842,130.4800,176.53,1765422179700,False
1010301843,130.4800,138.39,1765422179861,True
1010301844,130.4700,255.89,1765422179866,True
1010301845,130.4600,25.84,1765422179933,True
1010301846,130.4700,1.14,1765422180006,False
1010301847,130.4600,40.73,1765422180101,True
1010301848,130.4500,178.77,1765422180276,True
1010301849,130.4500,2.78,1765422180284,False
1010301850,130.4400,164.39,1765422180457,True
1010301851,130.4400,2.06,1765422180628,False
1010301852,130.4300,0.06,1765422180645,True
1010301853,130.4400,0.38,1765422180685,False
1010301854,130.4300,0.07,1765422180696,True
1010301855,130.4400,1.44,1765422180737,False
1010301856,130.4300,10.00,1765422180878,True
1010301857,130.4400,0.04,1765422180957,False
1010301858,130.4400,374.47,1765422181066,False
1010301859,130.4500,5.87,1765422181079,False
1010301860,130.4500,0.09,1765422181094,True
1010301861,130.4600,10.48,1765422181135,False
1010301862,130.4700,10.81,1765422181155,False
1010301863,130.4700,121.87,1765422181408,True
1010301864,130.4700,0.39,1765422181518,False
1010301865,130.4600,130.81,1765422181622,True
1010301866,130.4600,16.63,1765422181727,True
1010301867,130.4600,0.79,1765422181785,False
1010301868,130.4500,254.54,1765422181861,True
1010301869,130.4400,8.38,1765422181991,True
1010301870,130.4400,169.70,1765422182125,True
1010301871,130.4400,40.90,1765422182297,True
1010301872,130.4300,472.14,1765422182297,True
1010301873,130.4200,49.50,1765422182301,True
1010301874,130.4300,0.72,1765422182304,False
1010301875,130.4300,31.53,1765422182617,False
1010301876,130.4300,176.07,1765422182628,True
1010301877,130.4200,530.25,1765422182716,True
1010301878,130.4100,12.23,1765422182716,True
1010301879,130.4300,66.60,1765422182893,False
1010301880,130.4400,60.23,1765422182926,False
1010301881,130.4400,4.49,1765422182950,True
1010301882,130.4500,3.96,1765422182962,False
1010301883,130.4600,18.60,1765422183076,False
1010301884,130.4700,115.72,1765422183172,False
1010301885,130.4800,5.40,1765422183187,False
1010301886,130.4800,300.52,1765422183325,True
1010301887,130.4900,0.18,1765422183395,False
1010301888,130.4800,4.90,1765422183429,True
1010301889,130.4800,69.21,1765422183533,True
1010301890,130.4700,98.06,1765422183536,True
1010301891,130.4600,3.09,1765422183592,True
1010301892,130.4700,25.56,1765422183617,False
1010301893,130.4600,0.15,1765422183621,True
1010301894,130.4700,1.76,1765422183717,False
1010301895,130.4800,5.55,1765422183822,False
1010301896,130.4900,5.05,1765422183822,False
1010301897,130.4800,0.83,1765422184160,True
1010301898,130.4900,3.83,1765422184174,False
1010301899,130.4800,314.03,1765422184187,True
1010301900,130.4800,0.29,1765422184378,True
1010301901,130.4900,1.14,1765422184505,False
1010301902,130.4800,0.05,1765422184509,True
1010301903,130.4900,198.89,1765422184696,False
1010301904,130.5000,108.82,1765422184697,False
1010301905,130.5100,267.48,1765422184707,False
1010301906,130.5200,171.25,1765422184723,False
1010301907,130.5100,0.18,1765422184751,True
1010301908,130.5200,1.99,1765422184751,False
1010301909,130.5100,2.07,1765422184765,True
1010301910,130.5200,325.00,1765422184853,False
1010301911,130.5200,510.21,1765422184994,True
1010301912,130.5100,229.67,1765422185009,True
1010301913,130.5000,342.92,1765422185009,True
1010301914,130.4900,713.15,1765422185010,True
1010301915,130.4800,256.49,1765422185010,True
1010301916,130.4700,564.84,1765422185011,True
1010301917,130.4600,633.14,1765422185012,True
1010301918,130.4500,767.80,1765422185012,True
1010301919,130.4400,731.39,1765422185012,True
1010301920,130.4300,455.33,1765422185012,True
1010301921,130.4200,426.99,1765422185012,True
1010301922,130.4100,688.88,1765422185012,True
1010301923,130.4000,527.60,1765422185012,True
1010301924,130.3900,857.83,1765422185013,True
1010301925,130.3800,501.02,1765422185014,True
1010301926,130.3700,290.06,1765422185016,True
1010301927,130.3600,435.91,1765422185016,True
1010301928,130.3500,673.25,1765422185016,True
1010301929,130.3400,528.27,1765422185016,True
1010301930,130.3300,698.00,1765422185017,True
1010301931,130.3200,397.90,1765422185017,True
1010301932,130.3100,229.15,1765422185017,True
1010301933,130.3000,1460.27,1765422185018,True
1010301934,130.2900,534.79,1765422185018,True
1010301935,130.2800,11.83,1765422185020,True
1010301936,130.3700,18.28,1765422185024,True
1010301937,130.2800,144.68,1765422185024,True
1010301938,130.2700,266.55,1765422185029,True
1010301939,130.2600,276.46,1765422185033,True
1010301940,130.2500,77.76,1765422185033,True
1010301941,130.2600,15.62,1765422185039,True
1010301942,130.2500,40.81,1765422185050,True
1010301943,130.2700,0.15,1765422185053,False
1010301944,130.2500,7.72,1765422185055,True
1010301945,130.2900,0.81,1765422185067,False
1010301946,130.2500,22.96,1765422185070,True
1010301947,130.2600,8.30,1765422185073,True
1010301948,130.3500,1.04,1765422185090,True
1010301949,130.3400,0.70,1765422185090,True
1010301950,130.2700,16.37,1765422185093,True
1010301951,130.2600,2.36,1765422185094,True
1010301952,130.2500,2.84,1765422185094,True
1010301953,130.2400,8.07,1765422185095,True
1010301954,130.3100,23.57,1765422185100,True
1010301955,130.2900,23.93,1765422185102,True
1010301956,130.2400,31.71,1765422185102,True
1010301957,130.2300,118.80,1765422185102,True
1010301958,130.2200,97.61,1765422185103,True
1010301959,130.3200,4.00,1765422185106,True
1010301960,130.2200,50.19,1765422185107,True
1010301961,130.3800,1.00,1765422185121,False
1010301962,130.3600,23.61,1765422185121,True
1010301963,130.3500,0.15,1765422185129,True
1010301964,130.3400,0.03,1765422185129,True
1010301965,130.3500,0.04,1765422185129,True
1010301966,130.3400,0.16,1765422185129,True
1010301967,130.3300,0.19,1765422185129,True
1010301968,130.3200,0.15,1765422185129,True
1010301969,130.3100,19.48,1765422185129,True
1010301970,130.3000,0.15,1765422185129,True
1010301971,130.2500,1.15,1765422185129,True
1010301972,130.2200,132.98,1765422185129,True
1010301973,130.3600,0.72,1765422185132,False
1010301974,130.3400,56.45,1765422185136,True
1010301975,130.3300,30.71,1765422185136,True
1010301976,130.3400,39.81,1765422185138,True
1010301977,130.3500,0.80,1765422185140,False
1010301978,130.3400,230.58,1765422185142,True
1010301979,130.3300,39.74,1765422185142,True
1010301980,130.3200,109.50,1765422185142,True
1010301981,130.3100,70.45,1765422185142,True
1010301982,130.2900,56.53,1765422185142,True
1010301983,130.2800,259.50,1765422185142,True
1010301984,130.3200,88.28,1765422185144,False
1010301985,130.3100,42.64,1765422185148,True
1010301986,130.3000,16.96,1765422185148,True
1010301987,130.3200,21.85,1765422185151,False
1010301988,130.3400,102.61,1765422185151,False
1010301989,130.3500,34.90,1765422185151,False
1010301990,130.3600,46.92,1765422185152,False
1010301991,130.3700,126.87,1765422185152,False
1010301992,130.3800,6.83,1765422185152,False
1010301993,130.3200,0.04,1765422185152,True
1010301994,130.3000,0.38,1765422185152,True
1010301995,130.3800,19.33,1765422185152,False
1010301996,130.3700,18.53,1765422185153,True
1010301997,130.3800,57.01,1765422185158,False
1010301998,130.3800,38.17,1765422185162,True
1010301999,130.3700,6.10,1765422185163,True
1010302000,130.3900,0.28,1765422185163,False
1010302001,130.3700,27.19,1765422185163,True
1010302002,130.3800,0.05,1765422185170,False
1010302003,130.3700,15.24,1765422185170,True
1010302004,130.3800,1.00,1765422185184,False
1010302005,130.3700,0.68,1765422185184,True
1010302006,130.3300,18.28,1765422185184,True
1010302007,130.3700,2.53,1765422185185,False
1010302008,130.3800,1.53,1765422185185,False
1010302009,130.3500,0.33,1765422185186,False
1010302010,130.3300,4.57,1765422185190,True
1010302011,130.3400,1.32,1765422185197,False
1010302012,130.3500,0.99,1765422185197,False
1010302013,130.3600,0.35,1765422185197,False
1010302014,130.3400,0.28,1765422185200,True
1010302015,130.3300,2.19,1765422185200,True
1010302016,130.3100,3.15,1765422185200,True
1010302017,130.3600,0.58,1765422185204,False
1010302018,130.3100,35.00,1765422185207,True
1010302019,130.3300,3.30,1765422185208,False
1010302020,130.3500,0.73,1765422185210,False
1010302021,130.3200,64.92,1765422185211,True
1010302022,130.3400,0.04,1765422185214,False
1010302023,130.3300,4.84,1765422185214,True
1010302024,130.3400,1.40,1765422185215,False
1010302025,130.3300,7.65,1765422185215,True
1010302026,130.3400,1.92,1765422185217,False
1010302027,130.3300,191.37,1765422185223,True
1010302028,130.3200,32.68,1765422185223,True
1010302029,130.3100,82.65,1765422185223,True
1010302030,130.3400,4.36,1765422185224,False
1010302031,130.3100,1.00,1765422185224,True
1010302032,130.3400,29.31,1765422185224,False
1010302033,130.3600,12.07,1765422185225,False
1010302034,130.3700,124.39,1765422185225,False
1010302035,130.3800,197.22,1765422185225,False
1010302036,130.3900,241.14,1765422185225,False
1010302037,130.4000,137.44,1765422185225,False
1010302038,130.4100,50.51,1765422185225,False
1010302039,130.4200,3.13,1765422185225,False
1010302040,130.4300,126.05,1765422185225,False
1010302041,130.3100,127.46,1765422185225,True
1010302042,130.3000,44.99,1765422185225,True
1010302043,130.3700,4.96,1765422185226,True
1010302044,130.3000,172.20,1765422185226,True
1010302045,130.4100,4.41,1765422185227,False
1010302046,130.4200,0.08,1765422185227,False
1010302047,130.4300,4.51,1765422185227,False
1010302048,130.3000,88.25,1765422185228,True
1010302049,130.3500,9.36,1765422185228,False
1010302050,130.3600,17.22,1765422185228,False
1010302051,130.3500,0.14,1765422185230,True
1010302052,130.3600,2.00,1765422185231,False
1010302053,130.3500,1.04,1765422185234,True
1010302054,130.3600,127.84,1765422185234,False
1010302055,130.3700,0.09,1765422185234,False
1010302056,130.3800,83.25,1765422185234,False
1010302057,130.3700,27.97,1765422185235,False
1010302058,130.3500,4.21,1765422185237,True
1010302059,130.3700,0.96,1765422185240,False
1010302060,130.3500,26.66,1765422185244,True
1010302061,130.3400,68.18,1765422185247,True
1010302062,130.3500,3.75,1765422185252,True
1010302063,130.3600,2.64,1765422185257,False
1010302064,130.3700,2.00,1765422185257,False
1010302065,130.3500,13.37,1765422185258,True
1010302066,130.3600,18.72,1765422185258,False
1010302067,130.3700,52.34,1765422185258,False
1010302068,130.3600,9.36,1765422185263,False
1010302069,130.3700,72.40,1765422185263,False
1010302070,130.3600,0.04,1765422185263,True
1010302071,130.3500,160.65,1765422185263,True
1010302072,130.3600,360.51,1765422185279,False
1010302073,130.3700,160.21,1765422185280,False
1010302074,130.3800,19.08,1765422185280,False
1010302075,130.3600,100.00,1765422185281,False
1010302076,130.3700,4.02,1765422185281,False
1010302077,130.3800,157.84,1765422185281,False
1010302078,130.3900,23.81,1765422185281,False
1010302079,130.4000,2.00,1765422185281,False
1010302080,130.3800,5.25,1765422185282,False
1010302081,130.4000,8.75,1765422185282,False
1010302082,130.3800,15.97,1765422185282,False
1010302083,130.3600,11.77,1765422185282,True
1010302084,130.3800,10.57,1765422185282,False
1010302085,130.4000,16.38,1765422185283,False
1010302086,130.3900,61.26,1765422185285,True
1010302087,130.4000,70.18,1765422185285,False
1010302088,130.4100,12.46,1765422185286,False
1010302089,130.3900,0.04,1765422185288,True
1010302090,130.4100,100.67,1765422185288,False
1010302091,130.3900,0.35,1765422185298,True
1010302092,130.4000,0.32,1765422185300,False
1010302093,130.4100,0.72,1765422185300,False
1010302094,130.4000,64.32,1765422185300,False
1010302095,130.4200,15.33,1765422185302,False
1010302096,130.4100,4.33,1765422185303,True
1010302097,130.4000,55.49,1765422185303,True
1010302098,130.4100,0.04,1765422185328,False
1010302099,130.4200,0.40,1765422185331,False
1010302100,130.4000,51.80,1765422185339,True
1010302101,130.4100,30.64,1765422185349,False
1010302102,130.4200,221.96,1765422185351,False
1010302103,130.4000,0.15,1765422185358,True
1010302104,130.4100,0.30,1765422185358,True
1010302105,130.4200,1.00,1765422185360,False
1010302106,130.4100,23.80,1765422185362,True
1010302107,130.4200,1.79,1765422185362,False
1010302108,130.4100,57.26,1765422185363,True
1010302109,130.4200,100.41,1765422185395,False
1010302110,130.4100,64.87,1765422185397,True
1010302111,130.4200,10.05,1765422185398,True
1010302112,130.4300,135.85,1765422185401,False
1010302113,130.4400,52.07,1765422185410,False
1010302114,130.4300,425.18,1765422185431,True
1010302115,130.4400,1.47,1765422185448,False
1010302116,130.4400,1.00,1765422185452,True
1010302117,130.4500,34.93,1765422185454,False
1010302118,130.4400,37.63,1765422185476,True
1010302119,130.4500,11.28,1765422185508,False
1010302120,130.4400,141.66,1765422185530,True
1010302121,130.4500,8.08,1765422185541,False
1010302122,130.4400,24.01,1765422185545,True
1010302123,130.4500,7.66,1765422185551,False
1010302124,130.4400,73.02,1765422185552,True
1010302125,130.4500,60.00,1765422185565,False
1010302126,130.4400,2.36,1765422185594,True
1010302127,130.4500,0.06,1765422185603,False
1010302128,130.4400,139.94,1765422185606,True
1010302129,130.4300,174.89,1765422185634,True
1010302130,130.4400,1415.94,1765422185636,False
1010302131,130.4500,405.22,1765422185644,False
1010302132,130.4600,120.77,1765422185648,False
1010302133,130.4500,96.12,1765422185667,True
1010302134,130.4600,367.38,1765422185718,False
1010302135,130.4700,52.99,1765422185718,False
1010302136,130.4600,101.62,1765422185741,True
1010302137,130.4700,3.50,1765422185753,False
1010302138,130.4600,47.84,1765422185759,True
1010302139,130.4700,1.85,1765422185807,False
1010302140,130.4600,589.07,1765422185828,True
1010302141,130.4600,3.30,1765422185870,False
1010302142,130.4500,577.98,1765422185877,True
1010302143,130.4400,308.74,1765422185882,True
1010302144,130.4500,18.60,1765422185883,False
1010302145,130.4400,7.34,1765422185884,True
1010302146,130.4300,1.59,1765422185903,True
1010302147,130.4400,23.29,1765422185917,False
1010302148,130.4300,1.59,1765422185984,True
1010302149,130.4400,169.32,1765422186057,False
1010302150,130.4500,93.74,1765422186059,False
1010302151,130.4500,1.59,1765422186074,True
1010302152,130.4600,89.99,1765422186081,False
1010302153,130.4600,2.02,1765422186156,True
1010302154,130.4700,8.67,1765422186252,False
1010302155,130.4600,1.42,1765422186257,True
1010302156,130.4700,18.01,1765422186301,False
1010302157,130.4600,7.80,1765422186353,True
1010302158,130.4700,20.99,1765422186376,False
1010302159,130.4600,35.04,1765422186390,True
1010302160,130.4700,30.05,1765422186485,False
1010302161,130.4600,18.61,1765422186526,True
1010302162,130.4600,42.44,1765422186629,True
1010302163,130.4600,7.04,1765422186730,True
1010302164,130.4700,5.70,1765422186744,False
1010302165,130.4600,3.52,1765422186793,True
1010302166,130.4700,37.15,1765422186896,False
1010302167,130.4600,6.36,1765422186920,True
1010302168,130.4700,0.87,1765422186937,False
1010302169,130.4600,10.67,1765422186953,True
1010302170,130.4600,18.00,1765422187082,True
1010302171,130.4700,144.26,1765422187221,False
1010302172,130.4800,186.24,1765422187223,False
1010302173,130.4800,1533.03,1765422187288,True
1010302174,130.4900,67.03,1765422187294,False
1010302175,130.5000,101.05,1765422187323,False
1010302176,130.4900,21.36,1765422187455,True
1010302177,130.5000,6.45,1765422187486,False
1010302178,130.4900,547.20,1765422187490,True
1010302179,130.4800,689.23,1765422187490,True
1010302180,130.4700,377.38,1765422187490,True
1010302181,130.4600,665.14,1765422187490,True
1010302182,130.4500,500.00,1765422187491,True
1010302183,130.4400,123.43,1765422187491,True
1010302184,130.4800,106.89,1765422187499,True
1010302185,130.4700,109.94,1765422187511,True
1010302186,130.4600,9.15,1765422187533,True
1010302187,130.4700,2.06,1765422187616,False
1010302188,130.4600,54.14,1765422187664,True
1010302189,130.4700,11.67,1765422187710,False
1010302190,130.4600,16.54,1765422187799,True
1010302191,130.4600,348.86,1765422187910,True
1010302192,130.4600,1.09,1765422188017,False
1010302193,130.4500,12.88,1765422188027,True
1010302194,130.4600,0.51,1765422188234,False
1010302195,130.4500,16.45,1765422188246,True
1010302196,130.4600,7.51,1765422188319,False
1010302197,130.4500,6.35,1765422188334,True
1010302198,130.4600,83.40,1765422188388,False
1010302199,130.4600,2.55,1765422188526,False
1010302200,130.4500,4.47,1765422188576,True
1010302823,129.8600,75.25,1765422200154,False
1010302824,129.8500,23.90,1765422200179,True
1010302825,129.8600,76.08,1765422200183,False
1010302826,129.8500,0.08,1765422200196,True
1010302827,129.8600,24.41,1765422200202,False
1010302828,129.8700,381.34,1765422200202,False
1010302829,129.8800,32.22,1765422200216,False
1010302830,129.8600,27.91,1765422200217,True
1010302831,129.8800,150.33,1765422200217,False
1010302832,129.8900,129.07,1765422200230,False
1010302833,129.8800,17.98,1765422200245,True
1010302834,129.8700,9.14,1765422200245,True
1010302835,129.8900,0.72,1765422200246,False
1010302836,129.8700,2.50,1765422200247,True
1010302837,129.8900,230.89,1765422200249,False
1010302838,129.9000,240.05,1765422200255,False
1010302839,129.9100,180.41,1765422200261,False
1010302840,129.9200,28.87,1765422200265,False
1010302841,129.9000,12.53,1765422200271,True
1010302842,129.9100,0.13,1765422200271,False
1010302843,129.9200,24.21,1765422200271,False
1010302844,129.9000,19.18,1765422200282,True
1010302845,129.9200,48.56,1765422200292,False
1010302846,129.9300,164.04,1765422200295,False
1010302847,129.9200,4.64,1765422200310,True
1010302848,129.9100,1.53,1765422200310,True
1010302849,129.9000,131.14,1765422200310,True
1010302850,129.9100,0.05,1765422200322,False
1010302851,129.9300,42.59,1765422200322,False
1010302852,129.9000,124.14,1765422200323,True
1010302853,129.9300,0.61,1765422200339,False
1010302854,129.9200,0.30,1765422200344,True
1010302855,129.9300,9.45,1765422200355,False
1010302856,129.9400,73.15,1765422200355,False
1010302857,129.9500,221.98,1765422200355,False
1010302858,129.9600,559.33,1765422200355,False
1010302859,129.9700,128.13,1765422200355,False
1010302860,129.9800,94.96,1765422200355,False
1010302861,129.9200,360.45,1765422200371,True
1010302862,129.9300,0.17,1765422200409,False
1010302863,129.9400,38.87,1765422200409,False
1010302864,129.9200,122.79,1765422200409,True
1010302865,129.9400,15.11,1765422200409,False
1010302866,129.9200,0.60,1765422200409,True
1010302867,129.9400,23.01,1765422200409,False
1010302868,129.9200,9.55,1765422200409,True
1010302869,129.9400,9.80,1765422200409,False
1010302870,129.9200,61.79,1765422200409,True
1010302871,129.9400,54.52,1765422200409,False
1010302872,129.9200,10.90,1765422200419,True
1010302873,129.9300,0.04,1765422200440,False
1010302874,129.9400,0.08,1765422200440,False
1010302875,129.9500,20.69,1765422200440,False
1010302876,129.9200,0.15,1765422200443,True
1010302877,129.9300,0.08,1765422200443,False
1010302878,129.9500,1.20,1765422200443,False
1010302879,129.9300,0.15,1765422200449,False
1010302880,129.9500,46.00,1765422200454,False
1010302881,129.9200,92.09,1765422200455,True
1010302882,129.9300,0.01,1765422200462,False
1010302883,129.9200,243.50,1765422200470,True
1010302884,129.9300,3.86,1765422200490,False
1010302885,129.9200,315.87,1765422200491,True
1010302886,129.9100,10.87,1765422200503,True
1010302887,129.9200,5.78,1765422200507,False
1010302888,129.9100,0.06,1765422200511,True
1010302889,129.9200,41.99,1765422200514,False
1010302890,129.9100,276.17,1765422200519,True
1010302891,129.9200,1.67,1765422200527,False
1010302892,129.9100,0.11,1765422200528,True
1010302893,129.9200,125.98,1765422200529,False
1010302894,129.9100,251.24,1765422200530,True
1010302895,129.9000,115.31,1765422200534,True
1010302896,129.9200,0.66,1765422200539,False
1010302897,129.9000,2.90,1765422200540,True
1010302898,129.9100,1.47,1765422200544,True
1010302899,129.9000,0.53,1765422200544,True
1010302900,129.9100,19.27,1765422200547,True
1010302901,129.9000,2.19,1765422200549,True
1010302902,129.9200,5.15,1765422200553,False
1010302903,129.9100,26.49,1765422200556,True
1010302904,129.9000,46.89,1765422200556,True
1010302905,129.9200,40.15,1765422200557,False
1010302906,129.9100,0.80,1765422200559,True
1010302907,129.8900,183.77,1765422200559,True
1010302908,129.9200,6.57,1765422200561,False
1010302909,129.9100,2.37,1765422200564,True
1010302910,129.9000,0.08,1765422200568,True
1010302911,129.8900,2.42,1765422200568,True
1010302912,129.9200,1.59,1765422200572,False
1010302913,129.8900,0.32,1765422200572,True
1010302914,129.9200,0.20,1765422200573,False
1010302915,129.8900,7.89,1765422200575,True
1010302916,129.9200,17.30,1765422200582,False
1010302917,129.9100,0.04,1765422200589,True
1010302918,129.8900,1.21,1765422200589,True
1010302919,129.9200,1.85,1765422200589,False
1010302920,129.8900,17.39,1765422200591,True
1010302921,129.8800,289.59,1765422200591,True
1010302922,129.9100,87.88,1765422200598,False
1010302923,129.8800,2.92,1765422200604,True
1010302924,129.8700,4.13,1765422200605,True
1010302925,129.8800,0.09,1765422200605,True
1010302926,129.9000,19.56,1765422200610,False
1010302927,129.8900,4.25,1765422200613,True
1010302928,129.8800,2.14,1765422200613,True
1010302929,129.8700,0.04,1765422200613,True
1010302930,129.8800,0.11,1765422200615,True
1010302931,129.9000,13.68,1765422200615,False
1010302932,129.8900,23.19,1765422200618,True
1010302933,129.9000,678.97,1765422200623,False
1010302934,129.9100,345.77,1765422200623,False
1010302935,129.8900,11.47,1765422200626,True
1010302936,129.8800,8.49,1765422200626,True
1010302937,129.8700,139.54,1765422200626,True
1010302938,129.9000,0.18,1765422200637,False
1010302939,129.8900,23.18,1765422200638,True
1010302940,129.9000,0.15,1765422200645,False
1010302941,129.8900,0.06,1765422200647,True
1010302942,129.9000,2.03,1765422200649,False
1010302943,129.8900,12.92,1765422200662,True
1010302944,129.9000,0.14,1765422200664,False
1010302945,129.8900,1.83,1765422200666,True
1010302946,129.9000,304.39,1765422200671,False
1010302947,129.8900,1.37,1765422200672,True
1010302948,129.9000,0.07,1765422200678,False
1010302949,129.8900,4.63,1765422200681,True
1010302950,129.9000,2.00,1765422200684,False
1010302951,129.8900,1.67,1765422200685,True
1010302952,129.9000,351.03,1765422200692,False
1010302953,129.9000,5.00,1765422200696,True
1010302954,129.9100,0.01,1765422200702,False
1010302955,129.9000,29.37,1765422200706,True
1010302956,129.9100,2.87,1765422200711,False
1010302957,129.9100,549.43,1765422200714,True
1010302958,129.9100,2.90,1765422200758,False
1010302959,129.9000,359.41,1765422200759,True
1010302960,129.9000,70.98,1765422200780,False
1010302961,129.9100,5.45,1765422200780,False
1010302962,129.8900,205.87,1765422200789,True
1010302963,129.9000,13.53,1765422200803,False
1010302964,129.8900,432.66,1765422200811,True
1010302965,129.8800,41.75,1765422200829,True
1010302966,129.8900,71.61,1765422200844,False
1010302967,129.8800,152.15,1765422200847,True
1010302968,129.8900,225.50,1765422200861,False
1010302969,129.8800,9.19,1765422200908,True
1010302970,129.8900,26.65,1765422200909,False
1010302971,129.8800,0.41,1765422200913,True
1010302972,129.8900,42.64,1765422200927,False
1010302973,129.8800,78.71,1765422200935,True
1010302974,129.8900,142.18,1765422200955,False
1010302975,129.8900,35.90,1765422200977,True
1010302976,129.9000,18.76,1765422200978,False
1010302977,129.8900,1.66,1765422201031,True
1010302978,129.9000,5.00,1765422201031,False
1010302979,129.8900,7.40,1765422201031,True
1010302980,129.9000,2.64,1765422201031,False
1010302981,129.8900,26.64,1765422201031,True
1010302982,129.9000,3.46,1765422201031,False
1010302983,129.8900,176.70,1765422201031,True
1010302984,129.9000,5.40,1765422201031,False
1010302985,129.8900,159.52,1765422201031,True
1010302986,129.9000,3.84,1765422201031,False
1010302987,129.8900,23.60,1765422201031,True
1010302988,129.9000,0.19,1765422201031,False
1010302989,129.8900,2.87,1765422201031,True
1010302990,129.9000,1.37,1765422201032,False
1010302991,129.8900,160.40,1765422201032,True
1010302992,129.9000,0.84,1765422201032,False
1010302993,129.8900,0.34,1765422201032,True
1010302994,129.9000,3.71,1765422201032,False
1010302995,129.8900,2.51,1765422201032,True
1010302996,129.9000,0.76,1765422201032,False
1010302997,129.8900,188.38,1765422201032,True
1010302998,129.9000,0.29,1765422201032,False
1010302999,129.8900,108.00,1765422201032,True
1010303000,129.9000,5.00,1765422201032,False
1010303001,129.8900,291.64,1765422201032,True
1010303002,129.9000,8.00,1765422201034,False
1010303003,129.8900,106.67,1765422201035,True
1010303004,129.8900,1.00,1765422201038,False
1010303005,129.8800,31.07,1765422201054,True
1010303006,129.8900,37.74,1765422201081,False
1010303007,129.8900,249.20,1765422201087,True
1010303008,129.9000,0.55,1765422201114,False
1010303009,129.8900,20.69,1765422201160,True
1010303010,129.9000,140.03,1765422201175,False
1010303011,129.9100,0.05,1765422201178,False
1010303012,129.9000,3.77,1765422201182,True
1010303013,129.9100,27.04,1765422201183,False
1010303014,129.9100,0.15,1765422201185,True
1010303015,129.9200,2.85,1765422201188,False
1010303016,129.9100,37.17,1765422201195,True
1010303017,129.9200,37.74,1765422201252,False
1010303018,129.9100,69.00,1765422201256,True
1010303019,129.9200,0.76,1765422201261,False
1010303020,129.9100,37.59,1765422201274,True
1010303021,129.9200,0.95,1765422201280,False
1010303022,129.9100,38.47,1765422201290,True
1010303023,129.9200,0.15,1765422201291,False
1010303024,129.9100,64.89,1765422201298,True
1010303025,129.9200,7.69,1765422201344,False
1010303026,129.9100,2.42,1765422201351,True
1010303027,129.9200,0.77,1765422201371,False
1010303028,129.9100,164.30,1765422201379,True
1010303029,129.9200,1.15,1765422201404,False
1010303030,129.9100,5.26,1765422201407,True
1010303031,129.9200,0.73,1765422201417,False
1010303032,129.9100,1.13,1765422201424,True
1010303033,129.9200,5.90,1765422201440,False
1010303034,129.9100,15.00,1765422201467,True
1010303035,129.9200,1.00,1765422201475,False
1010303036,129.9100,177.21,1765422201478,True
1010303037,129.9200,15.00,1765422201513,False
1010303038,129.9100,12.64,1765422201514,True
1010303039,129.9200,2.36,1765422201514,False
1010303040,129.9100,39.85,1765422201529,True
1010303041,129.9200,383.78,1765422201592,False
1010303042,129.9300,34.83,1765422201619,False
1010303043,129.9400,1.23,1765422201646,False
1010303044,129.9300,0.75,1765422201674,True
1010303045,129.9400,33.28,1765422201736,False
1010303046,129.9300,0.20,1765422201740,True
1010303047,129.9400,0.05,1765422201754,False
1010303048,129.9300,75.58,1765422201757,True
1010303049,129.9400,0.10,1765422201807,False
1010303050,129.9300,0.15,1765422201809,True
1010303051,129.9400,0.05,1765422201816,False
1010303052,129.9300,260.03,1765422201816,True
1010303053,129.9400,180.43,1765422201899,False
1010303054,129.9300,0.20,1765422201933,True
1010303055,129.9400,224.46,1765422201941,False
1010303056,129.9500,254.05,1765422201952,False
1010303057,129.9600,119.62,1765422201952,False
1010303058,129.9500,78.64,1765422201959,False
1010303059,129.9500,0.05,1765422201973,True
1010303060,129.9600,31.57,1765422201989,False
1010303061,129.9600,47.19,1765422202019,True
1010303062,129.9700,14.98,1765422202035,False
1010303063,129.9600,3.91,1765422202035,True
1010303064,129.9700,0.36,1765422202035,False
1010303065,129.9600,9.14,1765422202035,True
1010303066,129.9700,44.15,1765422202035,False
1010303067,129.9600,149.74,1765422202035,True
1010303068,129.9700,71.09,1765422202035,False
1010303069,129.9600,55.15,1765422202035,True
1010303070,129.9700,2.67,1765422202035,False
1010303071,129.9600,3.99,1765422202035,True
1010303072,129.9700,82.74,1765422202035,False
1010303073,129.9600,0.07,1765422202035,True
1010303074,129.9700,9.63,1765422202035,False
1010303075,129.9600,22.78,1765422202035,True
1010303076,129.9700,2.14,1765422202035,False
1010303077,129.9600,22.65,1765422202035,True
1010303078,129.9700,39.63,1765422202035,False
1010303079,129.9600,54.92,1765422202035,True
1010303080,129.9700,46.95,1765422202035,False
1010303081,129.9600,186.50,1765422202035,True
1010303082,129.9500,29.40,1765422202035,True
1010303083,129.9700,37.43,1765422202035,False
1010303084,129.9500,232.45,1765422202036,True
1010303085,129.9700,3.80,1765422202036,False
1010303086,129.9500,0.05,1765422202036,True
1010303087,129.9700,0.76,1765422202036,False
1010303088,129.9800,11.49,1765422202036,False
1010303089,129.9500,11.56,1765422202036,True
1010303090,129.9800,0.87,1765422202036,False
1010303091,129.9500,77.10,1765422202036,True
1010303092,129.9800,6.00,1765422202036,False
1010303093,129.9500,2.05,1765422202036,True
1010303094,129.9800,0.50,1765422202036,False
1010303095,129.9500,0.73,1765422202036,True
1010303096,129.9800,200.00,1765422202036,False
1010303097,129.9500,8.59,1765422202036,True
1010303098,129.9800,1.82,1765422202036,False
1010303099,129.9500,114.34,1765422202036,True
1010303100,129.9800,0.74,1765422202036,False
1010303101,129.9500,1.64,1765422202037,True
1010303102,129.9600,0.59,1765422202037,False
1010303103,129.9500,32.86,1765422202037,True
1010303104,129.9400,40.98,1765422202037,True
1010303105,129.9600,2.50,1765422202037,False
1010303106,129.9400,206.28,1765422202037,True
1010303107,129.9600,2.20,1765422202037,False
1010303108,129.9400,3.95,1765422202037,True
1010303109,129.9600,1.88,1765422202037,False
1010303110,129.9400,47.07,1765422202037,True
1010303111,129.9600,2.26,1765422202037,False
1010303112,129.9400,23.46,1765422202038,True
1010303113,129.9600,0.65,1765422202038,False
1010303114,129.9400,0.66,1765422202038,True
1010303115,129.9600,0.88,1765422202038,False
1010303116,129.9400,1.44,1765422202038,True
1010303117,129.9600,5.05,1765422202038,False
1010303118,129.9800,16.58,1765422202038,False
1010303119,129.9400,73.15,1765422202038,True
1010303120,129.9800,3.00,1765422202038,False
1010303121,129.9400,2.07,1765422202038,True
1010303122,129.9800,1.00,1765422202038,False
1010303123,129.9400,5.88,1765422202038,True
1010303124,129.9800,22.00,1765422202038,False
1010303125,129.9900,610.52,1765422202038,False
1010303126,129.9400,0.29,1765422202038,True
1010303127,129.9900,0.42,1765422202038,False
1010303128,129.9400,0.68,1765422202038,True
1010303129,129.9900,4.63,1765422202038,False
1010303130,129.9400,142.28,1765422202039,True
1010303131,129.9300,75.61,1765422202039,True
1010303132,129.9900,5.31,1765422202039,False
1010303133,129.9300,0.97,1765422202039,True
1010303134,129.9900,0.30,1765422202039,False
1010303135,129.9600,0.28,1765422202039,False
1010303136,129.9300,0.75,1765422202039,True
1010303137,129.9600,0.70,1765422202039,False
1010303138,129.9300,2.05,1765422202039,True
1010303139,129.9600,38.21,1765422202039,False
1010303140,129.9900,28.53,1765422202039,False
1010303141,130.0000,37.30,1765422202039,False
1010303142,129.9300,1.24,1765422202039,True
1010303143,130.0000,0.50,1765422202039,False
1010303144,129.9300,10.46,1765422202039,True
1010303145,130.0000,0.07,1765422202039,False
1010303146,129.9300,101.53,1765422202039,True
1010303147,130.0000,1.92,1765422202039,False
1010303148,129.9300,22.74,1765422202039,True
1010303149,129.9700,0.36,1765422202040,True
1010303150,130.0000,3.82,1765422202040,False
1010303151,129.9700,5.24,1765422202040,True
1010303152,129.9300,85.53,1765422202040,True
1010303153,130.0000,0.83,1765422202040,False
1010303154,129.9300,69.47,1765422202040,True
1010303155,130.0000,4.22,1765422202040,False
1010303156,129.9300,2.49,1765422202040,True
1010303157,130.0000,0.40,1765422202040,False
1010303158,129.9300,20.00,1765422202040,True
1010303159,130.0000,1.04,1765422202040,False
1010303160,129.9300,5.01,1765422202040,True
1010303161,130.0000,0.71,1765422202041,False
1010303162,129.9300,0.07,1765422202041,True
1010303163,130.0000,0.36,1765422202041,False
1010303164,129.9300,15.72,1765422202041,True
1010303165,130.0000,0.14,1765422202041,False
1010303166,129.9300,76.15,1765422202041,True
1010303167,129.9200,99.70,1765422202041,True
1010303168,130.0000,0.49,1765422202041,False
1010303169,129.9200,4.95,1765422202041,True
1010303170,130.0000,8.46,1765422202041,False
1010303171,129.9200,11.87,1765422202041,True
1010303172,130.0000,0.27,1765422202042,False
1010303173,129.9200,1.30,1765422202042,True
1010303174,130.0000,0.69,1765422202042,False
1010303175,129.9200,745.56,1765422202042,True
1010303176,129.9100,117.40,1765422202042,True
1010303177,129.9600,2.46,1765422202043,False
1010303178,129.9100,1.46,1765422202043,True
1010303179,129.9600,1.00,1765422202043,False
1010303180,129.9100,21.28,1765422202043,True
1010303181,129.9600,38.71,1765422202043,False
1010303182,130.0000,7.38,1765422202043,False
1010303183,129.9100,2.00,1765422202043,True
1010303184,129.9600,1.47,1765422202043,False
1010303185,129.9100,8.48,1765422202043,True
1010303186,129.9600,1.41,1765422202043,False
1010303187,129.9100,10.21,1765422202043,True
1010303188,129.9600,2.54,1765422202043,False
1010303189,129.9100,49.06,1765422202043,True
