TradeID,Price,Quantity,Timestamp,Is_Sell_Order
1012944488,0.0044529,301023,1765422022810,True
1012944489,0.0044528,193682,1765422022810,True
1012944490,0.0044527,286188,1765422022810,True
1012944491,0.0044526,342323,1765422022810,True
1012944492,0.0044527,2090,1765422022849,False
1012944493,0.0044526,3590,1765422024387,True
1012944494,0.0044526,344170,1765422024590,True
1012944495,0.0044525,2292,1765422024590,True
1012944496,0.0044524,28189,1765422024590,True
1012944497,0.0044523,70874,1765422024590,True
1012944498,0.0044522,191520,1765422024590,True
1012944499,0.0044523,129577,1765422025842,False
1012944500,0.0044524,1123,1765422025847,False
1012944501,0.0044526,1123,1765422026333,False
1012944502,0.0044527,158827,1765422026333,False
1012944503,0.0044528,2359,1765422026334,False
1012944504,0.0044529,49104,1765422026334,False
1012944505,0.0044530,10246,1765422026360,False
1012944506,0.0044532,2359,1765422026460,False
1012944507,0.0044534,4604,1765422026473,False
1012944508,0.0044535,1124,1765422026487,False
1012944509,0.0044536,4607,1765422026508,False
1012944510,0.0044537,1124,1765422026526,False
1012944511,0.0044538,3368,1765422026542,False
1012944512,0.0044539,1124,1765422026552,False
1012944513,0.0044540,1123,1765422026645,False
1012944514,0.0044541,3373,1765422026655,False
1012944515,0.0044542,3368,1765422026662,False
1012944516,0.0044543,1124,1765422026740,False
1012944517,0.0044544,4603,1765422026743,False
1012944518,0.0044545,3705,1765422026750,False
1012944519,0.0044546,3372,1765422026750,False
1012944520,0.0044545,7382,1765422028373,True
1012944521,0.0044544,1123,1765422028375,True
1012944522,0.0044542,7557,1765422028582,True
1012944523,0.0044541,3392,1765422028582,True
1012944524,0.0044539,25935,1765422028582,True
1012944525,0.0044538,37017,1765422028582,True
1012944526,0.0044538,7748,1765422028906,True
1012944527,0.0044540,1123,1765422029391,False
1012944528,0.0044542,1123,1765422029391,False
1012944529,0.0044538,4604,1765422029983,True
1012944530,0.0044537,5997,1765422029983,True
1012944531,0.0044536,29330,1765422029983,True
1012944532,0.0044534,82989,1765422029983,True
1012944533,0.0044533,64917,1765422029983,True
1012944534,0.0044532,466683,1765422029983,True
1012944535,0.0044531,878303,1765422029983,True
1012944536,0.0044531,14385,1765422030904,False
1012944537,0.0044530,34249,1765422032138,True
1012944538,0.0044528,29425,1765422032138,True
1012944539,0.0044526,65718,1765422032138,True
1012944540,0.0044525,23767,1765422032300,True
1012944541,0.0044524,1236,1765422032300,True
1012944542,0.0044523,28189,1765422032300,True
1012944543,0.0044522,30351,1765422032300,True
1012944544,0.0044521,12922,1765422032306,True
1012944545,0.0044520,65966,1765422032306,True
1012944546,0.0044519,6857,1765422032357,True
1012944547,0.0044519,36856,1765422033365,False
1012944548,0.0044518,24423,1765422033444,True
1012944549,0.0044517,5264,1765422033444,True
1012944550,0.0044516,3485,1765422033665,True
1012944551,0.0044515,290,1765422033665,True
1012944552,0.0044516,362957,1765422034323,False
1012944553,0.0044518,1124,1765422034390,False
1012944554,0.0044519,22364,1765422034394,False
1012944555,0.0044520,7406,1765422034394,False
1012944556,0.0044522,72115,1765422034466,False
1012944557,0.0044521,4902,1765422035149,True
1012944558,0.0044522,2701,1765422035683,False
1012944559,0.0044522,5454,1765422035839,False
1012944560,0.0044521,5639,1765422035843,True
1012944561,0.0044521,3544,1765422036118,True
1012944562,0.0044522,568032,1765422037347,False
1012944563,0.0044523,2292,1765422037347,False
1012944564,0.0044524,30600,1765422037347,False
1012944565,0.0044525,5999,1765422037347,False
1012944566,0.0044526,28587,1765422037347,False
1012944567,0.0044527,1482,1765422037347,False
1012944568,0.0044521,15765,1765422037349,True
1012944569,0.0044522,1804,1765422037370,True
1012944570,0.0044524,1123,1765422037535,False
1012944571,0.0044526,1123,1765422037536,False
1012944572,0.0044527,767,1765422037536,False
1012944573,0.0044528,4606,1765422037603,False
1012944574,0.0044529,1124,1765422037701,False
1012944575,0.0044530,5729,1765422037704,False
1012944576,0.0044532,506713,1765422037704,False
1012944577,0.0044532,3534,1765422038216,True
1012944578,0.0044532,1124,1765422038555,True
1012944579,0.0044532,14728,1765422039599,True
1012944580,0.0044531,2292,1765422039599,True
1012944581,0.0044530,112081,1765422039599,True
1012944582,0.0044529,85259,1765422039599,True
1012944583,0.0044528,299418,1765422039599,True
1012944584,0.0044527,105864,1765422039599,True
1012944585,0.0044526,11222,1765422040059,True
1012944586,0.0044523,11222,1765422040300,True
1012944587,0.0044523,19263,1765422041039,True
1012944588,0.0044524,2613,1765422041445,False
1012944589,0.0044523,1368,1765422041472,True
1012944590,0.0044524,346017,1765422041778,False
1012944591,0.0044526,1123,1765422041778,False
1012944592,0.0044527,25076,1765422041984,False
1012944593,0.0044528,4605,1765422041987,False
1012944594,0.0044529,1124,1765422042009,False
1012944595,0.0044530,2359,1765422042011,False
1012944596,0.0044531,2249,1765422042015,False
1012944597,0.0044532,5729,1765422042018,False
1012944598,0.0044533,97663,1765422042032,False
1012944599,0.0044534,1123,1765422042032,False
1012944600,0.0044535,5966,1765422042032,False
1012944601,0.0044535,1322,1765422042069,True
1012944602,0.0044536,5728,1765422042218,False
1012944603,0.0044537,264540,1765422042218,False
1012944604,0.0044538,5728,1765422042222,False
1012944605,0.0044538,11992,1765422042240,True
1012944606,0.0044539,1124,1765422042249,False
1012944607,0.0044540,7188,1765422042255,False
1012944608,0.0044541,1124,1765422042266,False
1012944609,0.0044542,32788,1765422042269,False
1012944610,0.0044544,90018,1765422042269,False
1012944611,0.0044545,192396,1765422042455,False
1012944612,0.0044546,43329,1765422042458,False
1012944613,0.0044547,5618,1765422042585,False
1012944614,0.0044548,6219,1765422042587,False
1012944615,0.0044549,17413,1765422042587,False
1012944616,0.0044548,1550506,1765422042591,True
1012944617,0.0044545,14925,1765422042662,False
1012944618,0.0044544,58114,1765422042783,True
1012944619,0.0044542,2249,1765422043046,True
1012944620,0.0044541,3704,1765422043046,True
1012944621,0.0044540,2576,1765422043046,True
1012944622,0.0044541,117180,1765422043520,False
1012944623,0.0044542,1123,1765422043574,False
1012944624,0.0044543,12135,1765422043574,False
1012944625,0.0044542,4034,1765422045369,True
1012944626,0.0044542,4568,1765422046245,True
1012944627,0.0044542,283514,1765422047212,True
1012944628,0.0044541,27081,1765422047215,True
1012944629,0.0044539,3391,1765422047220,True
1012944630,0.0044538,2358,1765422047223,True
1012944631,0.0044537,3890,1765422047525,True
1012944632,0.0044538,96238,1765422047687,False
1012944633,0.0044540,27058,1765422047740,False
1012944634,0.0044542,7977,1765422047792,False
1012944635,0.0044542,22337,1765422047890,True
1012944636,0.0044543,1867,1765422048070,False
1012944637,0.0044542,1247,1765422048148,True
1012944638,0.0044540,112285,1765422048426,False
1012944639,0.0044539,14383,1765422048809,False
1012944640,0.0044538,224522,1765422049881,True
1012944641,0.0044537,1198,1765422050708,True
1012944642,0.0044538,118432,1765422051051,False
1012944643,0.0044539,217204,1765422051089,False
1012944644,0.0044540,27058,1765422051093,False
1012944645,0.0044542,8466,1765422051097,False
1012944646,0.0044543,140805,1765422051102,False
1012944647,0.0044542,132434,1765422051346,True
1012944648,0.0044542,3996,1765422051519,True
1012944649,0.0044538,1123,1765422052423,True
1012944650,0.0044537,12264,1765422052522,True
1012944651,0.0044537,4863,1765422052862,True
1012944652,0.0044536,10505,1765422052862,True
1012944653,0.0044535,28181,1765422052862,True
1012944654,0.0044534,1236,1765422052862,True
1012944655,0.0044533,57688,1765422052862,True
1012944656,0.0044532,40012,1765422052862,True
1012944657,0.0044530,3482,1765422053604,True
1012944658,0.0044529,3705,1765422053614,True
1012944659,0.0044528,1236,1765422053614,True
1012944660,0.0044527,29327,1765422053614,True
1012944661,0.0044526,4605,1765422053614,True
1012944662,0.0044525,30419,1765422053614,True
1012944663,0.0044525,87450,1765422053665,False
1012944664,0.0044524,3482,1765422053712,True
1012944665,0.0044523,821,1765422053712,True
1012944666,0.0044523,4485,1765422054533,True
1012944667,0.0044524,40957,1765422054790,False
1012944668,0.0044524,75261,1765422055300,False
1012944669,0.0044525,2292,1765422055300,False
1012944670,0.0044526,28211,1765422055300,False
1012944671,0.0044528,4605,1765422055300,False
1012944672,0.0044529,244554,1765422055300,False
1012944673,0.0044530,142456,1765422055300,False
1012944674,0.0044525,31255,1765422055567,True
1012944675,0.0044524,173771,1765422055603,True
1012944676,0.0044523,64986,1765422055603,True
1012944677,0.0044523,11301,1765422056066,True
1012944678,0.0044524,1047,1765422057130,False
1012944679,0.0044523,4885,1765422057958,True
1012944680,0.0044523,31776,1765422058199,True
1012944681,0.0044523,12979,1765422058406,True
1012944682,0.0044523,71263,1765422058725,True
1012944683,0.0044522,321007,1765422058726,True
1012944684,0.0044521,50514,1765422058728,True
1012944685,0.0044520,2360,1765422058728,True
1012944686,0.0044519,2247,1765422058748,True
1012944687,0.0044518,1236,1765422058748,True
1012944688,0.0044517,7090,1765422058748,True
1012944689,0.0044516,161508,1765422058748,True
1012944690,0.0044515,59256,1765422058750,True
1012944691,0.0044514,253404,1765422058750,True
1012944692,0.0044513,75818,1765422058750,True
1012944693,0.0044512,73172,1765422058753,True
1012944694,0.0044512,3134,1765422058847,False
1012944695,0.0044511,4499,1765422058933,True
1012944696,0.0044510,3486,1765422058933,True
1012944697,0.0044509,5957,1765422058933,True
1012944698,0.0044508,140089,1765422058933,True
1012944699,0.0044508,190998,1765422059732,True
1012944700,0.0044506,29441,1765422059736,True
1012944701,0.0044505,5956,1765422059736,True
1012944702,0.0044504,1236,1765422059903,True
1012944703,0.0044503,2283,1765422059903,True
1012944704,0.0044502,1751,1765422059903,True
1012944705,0.0044502,60672,1765422060196,True
1012944706,0.0044502,225514,1765422061118,True
1012944707,0.0044501,98133,1765422061163,True
1012944708,0.0044500,262251,1765422061163,True
1012944709,0.0044499,47189,1765422061163,True
1012944710,0.0044498,405221,1765422061163,True
1012944711,0.0044497,38120,1765422061163,True
1012944712,0.0044498,25989,1765422061202,False
1012944713,0.0044499,1782,1765422061537,True
1012944714,0.0044499,139101,1765422061830,True
1012944715,0.0044499,1344,1765422062448,True
1012944716,0.0044500,273148,1765422063251,False
1012944717,0.0044502,3373,1765422063256,False
1012944718,0.0044503,1701560,1765422063256,False
1012944719,0.0044504,3485,1765422063265,False
1012944720,0.0044504,23373,1765422063267,True
1012944721,0.0044503,20184,1765422063267,True
1012944722,0.0044505,2248,1765422063268,False
1012944723,0.0044505,89668,1765422063358,True
1012944724,0.0044504,69254,1765422063358,True
1012944725,0.0044505,224698,1765422063954,True
1012944726,0.0044505,4865,1765422064116,True
1012944727,0.0044506,54720,1765422064246,False
1012944728,0.0044507,4541,1765422064247,False
1012944729,0.0044508,44067,1765422064252,False
1012944730,0.0044509,42700,1765422064252,False
1012944731,0.0044510,6068,1765422064252,False
1012944732,0.0044510,4720,1765422064572,True
1012944733,0.0044511,14378,1765422064653,False
1012944734,0.0044511,3670,1765422064903,True
1012944735,0.0044510,2558,1765422064976,True
1012944736,0.0044510,71868,1765422065101,True
1012944737,0.0044509,180285,1765422065101,True
1012944738,0.0044508,206233,1765422065101,True
1012944739,0.0044506,412615,1765422065101,True
1012944740,0.0044505,131717,1765422065101,True
1012944741,0.0044505,1418,1765422065474,True
1012944742,0.0044506,4511,1765422065690,False
1012944743,0.0044508,15219,1765422065692,False
1012944744,0.0044510,15417,1765422065787,False
1012944745,0.0044511,38677,1765422065787,False
1012944746,0.0044512,136830,1765422065787,False
1012944747,0.0044513,2247,1765422065832,False
1012944748,0.0044514,1122,1765422065953,False
1012944749,0.0044513,1671,1765422066322,True
1012944750,0.0044513,246123,1765422066893,True
1012944751,0.0044512,87310,1765422066893,True
1012944752,0.0044511,175229,1765422066893,True
1012944753,0.0044510,87315,1765422066893,True
1012944754,0.0044510,150188,1765422067767,True
1012944755,0.0044510,382269,1765422068423,True
1012944756,0.0044509,4854,1765422068434,True
1012944757,0.0044508,118173,1765422068434,True
1012944758,0.0044507,346308,1765422068434,True
1012944759,0.0044506,297194,1765422068434,True
1012944760,0.0044509,8530,1765422068691,True
1012944761,0.0044510,186916,1765422069074,False
1012944762,0.0044510,7382,1765422069469,True
1012944763,0.0044510,13787,1765422069625,False
1012944764,0.0044509,231608,1765422070416,True
1012944765,0.0044508,1124,1765422070443,True
1012944766,0.0044507,28468,1765422070443,True
1012944767,0.0044506,83232,1765422070443,True
1012944768,0.0044505,107118,1765422070443,True
1012944769,0.0044504,1236,1765422070458,True
1012944770,0.0044503,3397,1765422070529,True
1012944771,0.0044504,387817,1765422070944,False
1012944772,0.0044506,1124,1765422070951,False
1012944773,0.0044508,2249,1765422071001,False
1012944774,0.0044509,1125,1765422071001,False
1012944775,0.0044510,592673,1765422071004,False
1012944776,0.0044510,3708,1765422071221,True
1012944777,0.0044510,219524,1765422071350,True
1012944778,0.0044509,226552,1765422071350,True
1012944779,0.0044508,115587,1765422071350,True
1012944780,0.0044507,301108,1765422071351,True
1012944781,0.0044506,23501,1765422071676,True
1012944782,0.0044507,2702,1765422071690,False
1012944783,0.0044507,269432,1765422072702,False
1012944784,0.0044508,1124,1765422072702,False
1012944785,0.0044509,108533,1765422073356,True
1012944786,0.0044508,1124,1765422073431,True
1012944787,0.0044506,188099,1765422073432,True
1012944788,0.0044505,2247,1765422073432,True
1012944789,0.0044504,38934,1765422073432,True
1012944790,0.0044503,9634,1765422073506,True
1012944791,0.0044503,24475,1765422074364,False
1012944792,0.0044504,15219,1765422074366,False
1012944793,0.0044503,2809,1765422074524,True
1012944794,0.0044504,14360,1765422075332,False
1012944795,0.0044503,287400,1765422075440,True
1012944796,0.0044502,16730,1765422075440,True
1012944797,0.0044501,2249,1765422075445,True
1012944798,0.0044500,1236,1765422075445,True
1012944799,0.0044499,11982,1765422075810,True
1012944800,0.0044500,93475,1765422076324,False
1012944801,0.0044500,1242,1765422076429,False
1012944802,0.0044499,1147,1765422076513,True
1012944803,0.0044499,556603,1765422076721,True
1012944804,0.0044498,1237,1765422076725,True
1012944805,0.0044497,31912,1765422076725,True
1012944806,0.0044496,158765,1765422076725,True
1012944807,0.0044495,459637,1765422076725,True
1012944808,0.0044494,490083,1765422076727,True
1012944809,0.0044493,486317,1765422076736,True
1012944810,0.0044492,916372,1765422076736,True
1012944811,0.0044491,445975,1765422077370,True
1012944812,0.0044490,2361,1765422077370,True
1012944813,0.0044489,29347,1765422077370,True
1012944814,0.0044488,302539,1765422077370,True
1012944815,0.0044487,3373,1765422077377,True
1012944816,0.0044487,837578,1765422077390,False
1012944817,0.0044486,11769,1765422077525,True
1012944818,0.0044485,3709,1765422077586,True
1012944819,0.0044484,26661,1765422078376,True
1012944820,0.0044482,29455,1765422078438,True
1012944821,0.0044481,4963,1765422078438,True
1012944822,0.0044480,5950,1765422078440,True
1012944823,0.0044479,4303,1765422079332,True
1012944824,0.0044480,222672,1765422079606,False
1012944825,0.0044480,1201,1765422079794,False
1012944826,0.0044480,4688447,1765422080072,False
1012944827,0.0044481,6189,1765422080075,False
1012944828,0.0044482,1125,1765422080075,False
1012944829,0.0044484,2361,1765422080080,False
1012944830,0.0044485,38630,1765422080082,False
1012944831,0.0044486,29456,1765422080085,False
1012944832,0.0044487,24779,1765422080109,False
1012944833,0.0044488,1124,1765422080109,False
1012944834,0.0044489,1125,1765422080370,False
1012944835,0.0044490,3418,1765422080370,False
1012944836,0.0044491,2248,1765422080620,False
1012944837,0.0044492,3373,1765422080650,False
1012944838,0.0044494,3372,1765422080655,False
1012944839,0.0044495,3709,1765422080657,False
1012944840,0.0044496,4609,1765422080706,False
1012944841,0.0044497,13957,1765422080706,False
1012944842,0.0044498,19674,1765422080900,False
1012944843,0.0044497,23755,1765422081730,True
1012944844,0.0044498,1124,1765422081866,False
1012944845,0.0044499,2294,1765422081866,False
1012944846,0.0044500,26593,1765422081895,False
1012944847,0.0044501,1147,1765422081895,False
1012944848,0.0044502,6857,1765422082103,False
1012944849,0.0044504,2360,1765422082109,False
1012944850,0.0044504,3813,1765422082160,True
1012944851,0.0044505,1125,1765422082225,False
1012944852,0.0044506,4607,1765422082227,False
1012944853,0.0044507,2249,1765422082257,False
1012944854,0.0044508,26120,1765422082257,False
1012944855,0.0044510,30275,1765422082835,False
1012944856,0.0044511,19048,1765422082837,False
1012944857,0.0044512,5745,1765422082838,False
1012944858,0.0044513,25956,1765422082838,False
1012944859,0.0044514,116741,1765422082838,False
1012944860,0.0044515,113254,1765422082838,False
1012944861,0.0044516,23158,1765422083277,False
1012944862,0.0044517,2249,1765422083286,False
1012944863,0.0044517,18943,1765422083470,True
1012944864,0.0044517,142893,1765422083584,True
1012944865,0.0044516,2250,1765422083589,True
1012944866,0.0044514,1124,1765422083593,True
1012944867,0.0044513,2247,1765422084084,True
1012944868,0.0044512,4194,1765422084084,True
1012944869,0.0044511,307522,1765422084212,True
1012944870,0.0044509,56807,1765422084212,True
1012944871,0.0044508,4654,1765422084212,True
1012944872,0.0044507,76605,1765422084212,True
1012944873,0.0044508,1124,1765422084245,False
1012944874,0.0044510,1124,1765422084251,False
1012944875,0.0044512,3373,1765422084375,False
1012944876,0.0044514,45965,1765422084380,False
1012944877,0.0044515,1125,1765422084418,False
1012944878,0.0044516,3371,1765422084418,False
1012944879,0.0044514,343411,1765422085464,True
1012944880,0.0044513,127666,1765422085464,True
1012944881,0.0044512,455106,1765422085464,True
1012944882,0.0044511,378666,1765422085464,True
1012944883,0.0044510,329490,1765422085464,True
1012944884,0.0044514,320025,1765422085609,False
1012944885,0.0044516,1124,1765422085616,False
1012944886,0.0044517,38278,1765422085616,False
1012944887,0.0044518,25299,1765422085616,False
1012944888,0.0044520,106376,1765422085617,False
1012944889,0.0044521,406,1765422085792,False
1012944890,0.0044520,4902,1765422085964,True
1012944891,0.0044521,6770,1765422086365,False
1012944892,0.0044522,9372,1765422086366,False
1012944893,0.0044523,33333,1765422086366,False
1012944894,0.0044524,2359,1765422086366,False
1012944895,0.0044525,3707,1765422086366,False
1012944896,0.0044526,41461,1765422086366,False
1012944897,0.0044527,36680,1765422086366,False
1012944898,0.0044528,84579,1765422086366,False
1012944899,0.0044529,150592,1765422086375,True
1012944900,0.0044527,43279,1765422086448,False
1012944901,0.0044528,1123,1765422086464,False
1012944902,0.0044530,6065,1765422086570,False
1012944903,0.0044531,3596,1765422086577,False
1012944904,0.0044531,27797,1765422087864,True
1012944905,0.0044531,2694,1765422088334,True
1012944906,0.0044531,349861,1765422088688,True
1012944907,0.0044527,8833,1765422088913,True
1012944908,0.0044526,1123,1765422088922,True
1012944909,0.0044525,2249,1765422088929,True
1012944910,0.0044523,2247,1765422089042,True
1012944911,0.0044522,1236,1765422089044,True
1012944912,0.0044521,1612,1765422089269,True
1012944913,0.0044522,5171,1765422089278,False
1012944914,0.0044521,287287,1765422089647,True
1012944915,0.0044521,280264,1765422089759,True
1012944916,0.0044520,3416,1765422089759,True
1012944917,0.0044519,37556,1765422089759,True
1012944918,0.0044518,2247,1765422089759,True
1012944919,0.0044517,89332,1765422089759,True
1012944920,0.0044516,89337,1765422089759,True
1012944921,0.0044515,88475,1765422089759,True
1012944922,0.0044514,191254,1765422089759,True
1012944923,0.0044513,301391,1765422089759,True
1012944924,0.0044512,33806,1765422089759,True
1012944925,0.0044516,22690,1765422089793,True
1012944926,0.0044517,58739,1765422090288,False
1012944927,0.0044518,1124,1765422090291,False
1012944928,0.0044520,1124,1765422090339,False
1012944929,0.0044521,28195,1765422090339,False
1012944930,0.0044521,519514,1765422090568,True
1012944931,0.0044520,8506,1765422090798,True
1012944932,0.0044517,99191,1765422091581,True
1012944933,0.0044516,301396,1765422091799,True
1012944934,0.0044515,2249,1765422091803,True
1012944935,0.0044514,3371,1765422091805,True
1012944936,0.0044512,3482,1765422091811,True
1012944937,0.0044510,2230,1765422092931,True
1012944938,0.0044510,10525,1765422093322,True
1012944939,0.0044510,142008,1765422094059,True
1012944940,0.0044509,4854,1765422094084,True
1012944941,0.0044508,72454,1765422094165,True
1012944942,0.0044506,12360,1765422094168,True
1012944943,0.0044505,8205,1765422094177,True
1012944944,0.0044504,1236,1765422094179,True
1012944945,0.0044504,14380,1765422094594,False
1012944946,0.0044503,13887,1765422094918,True
1012944947,0.0044503,1229,1765422095224,True
1012944948,0.0044503,84753,1765422095651,True
1012944949,0.0044502,2360,1765422095654,True
1012944950,0.0044501,32322,1765422096260,True
1012944951,0.0044500,4632,1765422096262,True
1012944952,0.0044499,2249,1765422096269,True
1012944953,0.0044498,5639,1765422096405,True
1012944954,0.0044499,2247,1765422096960,False
1012944955,0.0044499,20533,1765422098168,False
1012944956,0.0044498,9484,1765422098290,True
1012944957,0.0044498,13543,1765422098505,True
1012944958,0.0044498,20372,1765422098652,True
1012944959,0.0044499,23616,1765422098966,False
1012944960,0.0044498,1255,1765422099147,True
1012944961,0.0044499,388442,1765422099336,False
1012944962,0.0044500,61296,1765422099382,False
1012944963,0.0044501,1147,1765422099384,False
1012944964,0.0044502,419837,1765422099387,False
1012944965,0.0044503,115566,1765422099391,False
1012944966,0.0044504,464507,1765422099393,False
1012944967,0.0044504,534272,1765422099888,True
1012944968,0.0044502,156088,1765422100174,True
1012944969,0.0044500,32013,1765422100174,True
1012944970,0.0044499,94138,1765422100174,True
1012944971,0.0044498,245251,1765422100174,True
1012944972,0.0044497,101018,1765422100175,True
1012944973,0.0044496,85007,1765422100175,True
1012944974,0.0044499,18678,1765422100222,True
1012944975,0.0044500,2216,1765422100224,False
1012944976,0.0044500,14703,1765422100325,False
1012944977,0.0044499,183787,1765422100335,True
1012944978,0.0044499,38499,1765422101407,True
1012944979,0.0044498,12702,1765422101408,True
1012944980,0.0044496,1124,1765422101414,True
1012944981,0.0044495,2248,1765422101457,True
1012944982,0.0044494,5769,1765422101457,True
1012944983,0.0044493,5957,1765422101457,True
1012944984,0.0044492,5735,1765422101457,True
1012944985,0.0044491,4454,1765422101458,True
1012944986,0.0044490,17421,1765422101551,True
1012944987,0.0044489,35435,1765422101553,True
1012944988,0.0044488,51054,1765422101553,True
1012944989,0.0044486,5736,1765422101562,True
1012944990,0.0044485,3709,1765422101605,True
1012944991,0.0044484,6859,1765422101624,True
1012944992,0.0044483,198231,1765422101627,False
1012944993,0.0044484,26537,1765422101627,False
1012944994,0.0044482,2528,1765422101754,True
1012944995,0.0044482,16816,1765422102031,True
1012944996,0.0044482,1323,1765422102662,True
1012944997,0.0044483,5434,1765422102976,False
1012944998,0.0044484,3418,1765422102976,False
1012944999,0.0044485,4440,1765422102976,False
1012945000,0.0044486,1124,1765422102976,False
1012945001,0.0044487,2248,1765422102976,False
1012945002,0.0044488,84026,1765422102976,False
1012945003,0.0044489,167716,1765422102976,False
1012945004,0.0044490,422655,1765422102976,False
1012945005,0.0044491,256600,1765422102976,False
1012945006,0.0044492,239805,1765422102976,False
1012945007,0.0044493,285736,1765422102976,False
1012945008,0.0044494,406821,1765422102976,False
1012945009,0.0044495,455931,1765422102976,False
1012945010,0.0044496,401227,1765422102976,False
1012945011,0.0044497,398250,1765422102976,False
1012945012,0.0044498,509020,1765422102976,False
1012945013,0.0044499,877245,1765422102976,False
1012945014,0.0044500,387197,1765422102976,False
1012945015,0.0044501,777268,1765422102976,False
1012945016,0.0044502,746122,1765422102976,False
1012945017,0.0044503,3662133,1765422102976,False
1012945018,0.0044504,711254,1765422102977,False
1012945019,0.0044505,388788,1765422102977,False
1012945020,0.0044506,2701978,1765422102977,False
1012945021,0.0044507,326592,1765422102977,False
1012945022,0.0044508,1011738,1765422102977,False
1012945023,0.0044509,392803,1765422102977,False
1012945024,0.0044510,1423261,1765422102977,False
1012945025,0.0044511,1157029,1765422102977,False
1012945026,0.0044512,231268,1765422102977,False
1012945027,0.0044513,1254136,1765422102977,False
1012945028,0.0044514,2900143,1765422102977,False
1012945029,0.0044515,972933,1765422102977,False
1012945030,0.0044516,1273044,1765422102977,False
1012945031,0.0044517,1427502,1765422102977,False
1012945032,0.0044518,641051,1765422102977,False
1012945033,0.0044519,113278,1765422102977,False
1012945034,0.0044520,1002105,1765422102977,False
1012945035,0.0044521,567770,1765422102977,False
1012945036,0.0044522,474289,1765422102977,False
1012945037,0.0044523,395500,1765422102977,False
1012945038,0.0044524,1757530,1765422102977,False
1012945039,0.0044525,334365,1765422102977,False
1012945040,0.0044526,1025556,1765422102977,False
1012945041,0.0044527,799554,1765422102977,False
1012945042,0.0044528,754946,1765422102977,False
1012945043,0.0044529,887719,1765422102977,False
1012945044,0.0044530,3186943,1765422102977,False
1012945045,0.0044531,809608,1765422102977,False
1012945046,0.0044532,2198037,1765422102977,False
1012945047,0.0044533,699448,1765422102977,False
1012945048,0.0044534,269970,1765422102977,False
1012945049,0.0044535,857663,1765422102977,False
1012945050,0.0044536,575884,1765422102977,False
1012945051,0.0044537,281267,1765422102977,False
1012945052,0.0044538,1869886,1765422102977,False
1012945053,0.0044539,2560283,1765422102977,False
1012945054,0.0044540,840041,1765422102977,False
1012945055,0.0044541,748218,1765422102977,False
1012945056,0.0044542,608753,1765422102977,False
1012945057,0.0044543,46790,1765422102977,False
1012945058,0.0044544,746925,1765422102977,False
1012945059,0.0044545,8211,1765422102977,False
1012945060,0.0044546,220744,1765422102977,False
1012945061,0.0044547,1643339,1765422102977,False
1012945062,0.0044548,1299656,1765422102977,False
1012945063,0.0044549,1630615,1765422102977,False
1012945064,0.0044550,2982977,1765422102977,False
1012945065,0.0044551,894194,1765422102977,False
1012945066,0.0044494,462382,1765422102979,False
1012945067,0.0044498,142054,1765422102980,False
1012945068,0.0044500,46618,1765422102980,False
1012945069,0.0044501,37442,1765422102980,False
1012945070,0.0044506,24145,1765422102980,False
1012945071,0.0044511,2249,1765422102980,False
1012945072,0.0044515,1312,1765422102981,False
1012945073,0.0044516,2249,1765422102981,False
1012945074,0.0044517,44961,1765422102981,False
1012945075,0.0044519,56201,1765422102981,False
1012945076,0.0044521,120115,1765422102981,False
1012945077,0.0044522,232742,1765422102981,False
1012945078,0.0044523,56201,1765422102982,False
1012945079,0.0044524,233865,1765422102982,False
1012945080,0.0044526,233865,1765422102984,False
1012945081,0.0044527,56201,1765422102984,False
1012945082,0.0044528,180019,1765422102984,False
1012945083,0.0044525,1347951,1765422102984,True
1012945084,0.0044518,2249,1765422102984,True
1012945085,0.0044528,277270,1765422102984,False
1012945086,0.0044530,172010,1765422102985,False
1012945087,0.0044521,91569,1765422102985,False
1012945088,0.0044523,88344,1765422102985,False
1012945089,0.0044518,62848,1765422102985,True
1012945090,0.0044520,91569,1765422102985,False
1012945091,0.0044523,428339,1765422102986,False
1012945092,0.0044526,47852,1765422102986,False
1012945093,0.0044529,16870,1765422102986,False
1012945094,0.0044516,95842,1765422102986,True
1012945095,0.0044524,31884,1765422102987,True
1012945096,0.0044518,2249,1765422102987,True
1012945097,0.0044516,1310480,1765422102987,True
1012945098,0.0044515,87175,1765422102987,True
1012945099,0.0044524,2249,1765422102988,True
1012945100,0.0044517,91665,1765422102988,True
1012945101,0.0044516,97901,1765422102988,True
1012945102,0.0044517,159612,1765422102989,False
1012945103,0.0044525,80947,1765422102989,False
1012945104,0.0044517,72427,1765422102989,False
1012945105,0.0044525,15270,1765422102989,False
1012945106,0.0044519,2249,1765422102989,True
1012945107,0.0044517,134141,1765422102990,False
1012945108,0.0044525,62118,1765422102990,False
1012945109,0.0044517,14278,1765422102992,False
1012945110,0.0044518,15094,1765422102992,False
1012945111,0.0044520,1124,1765422102992,False
1012945112,0.0044523,117234,1765422102992,False
1012945113,0.0044524,193410,1765422102992,False
1012945114,0.0044525,173860,1765422102992,False
1012945115,0.0044516,44419,1765422102993,True
1012945116,0.0044515,408943,1765422102993,True
1012945117,0.0044516,369450,1765422102999,False
1012945118,0.0044514,1124,1765422103000,True
1012945119,0.0044516,136353,1765422103000,False
1012945120,0.0044517,134147,1765422103000,False
1012945121,0.0044513,5956,1765422103003,True
1012945122,0.0044512,65690,1765422103005,True
1012945123,0.0044511,21605,1765422103005,True
1012945124,0.0044510,255442,1765422103005,True
1012945125,0.0044509,26147,1765422103005,True
1012945126,0.0044508,352222,1765422103006,True
1012945127,0.0044506,251976,1765422103012,True
1012945128,0.0044505,399747,1765422103014,True
1012945129,0.0044505,190799,1765422103019,False
1012945130,0.0044506,159627,1765422103019,False
1012945131,0.0044507,99095,1765422103019,False
1012945132,0.0044508,290293,1765422103019,False
1012945133,0.0044509,50699,1765422103019,False
1012945134,0.0044510,17632,1765422103019,False
1012945135,0.0044504,112559,1765422103019,True
1012945136,0.0044505,9888,1765422103021,False
1012945137,0.0044510,267999,1765422103026,False
1012945138,0.0044509,873017,1765422103027,True
1012945139,0.0044510,171031,1765422103029,False
1012945140,0.0044509,280838,1765422103030,True
1012945141,0.0044508,91262,1765422103030,True
1012945142,0.0044507,16944,1765422103030,True
1012945143,0.0044509,237222,1765422103033,True
1012945144,0.0044510,224350,1765422103041,False
1012945145,0.0044509,198390,1765422103043,True
1012945146,0.0044510,187602,1765422103050,False
1012945147,0.0044511,116398,1765422103050,False
1012945148,0.0044510,510344,1765422103054,True
1012945149,0.0044509,1212537,1765422103065,True
1012945150,0.0044508,156407,1765422103069,True
1012945151,0.0044508,293621,1765422103074,False
1012945152,0.0044509,259844,1765422103074,False
1012945153,0.0044507,77880,1765422103077,True
1012945154,0.0044506,245802,1765422103192,True
1012945155,0.0044506,9908,1765422103557,False
1012945156,0.0044505,345019,1765422103560,True
1012945157,0.0044503,182074,1765422103860,True
1012945158,0.0044504,10000,1765422104372,False
1012945159,0.0044503,373324,1765422104375,True
1012945160,0.0044503,13141,1765422104377,False
1012945161,0.0044504,2202,1765422104377,False
1012945162,0.0044502,72365,1765422104727,True
1012945163,0.0044501,232586,1765422104844,True
1012945164,0.0044500,595,1765422104848,True
1012945165,0.0044499,368368,1765422105997,True
1012945166,0.0044498,27193,1765422105998,True
1012945167,0.0044497,7414,1765422105999,True
1012945168,0.0044496,6859,1765422105999,True
1012945169,0.0044495,28981,1765422105999,True
1012945170,0.0044494,171748,1765422106040,True
1012945171,0.0044494,820,1765422106793,False
1012945172,0.0044493,133970,1765422107235,True
1012945173,0.0044492,112379,1765422107327,True
1012945174,0.0044491,33270,1765422107331,True
1012945175,0.0044490,3373,1765422107331,True
1012945176,0.0044489,3707,1765422107331,True
1012945177,0.0044488,3486,1765422107331,True
1012945178,0.0044487,30,1765422107514,False
1012945179,0.0044487,2697,1765422107679,False
1012945180,0.0044486,582114,1765422108043,True
1012945181,0.0044485,244679,1765422108055,True
1012945182,0.0044484,6859,1765422108520,True
1012945183,0.0044482,1237,1765422108620,True
1012945184,0.0044481,3710,1765422108722,True
1012945185,0.0044480,131233,1765422108727,True
1012945186,0.0044479,1354,1765422108797,True
1012945187,0.0044480,14367,1765422108934,False
1012945188,0.0044479,48515,1765422109040,True
1012945189,0.0044479,72671,1765422109151,False
1012945190,0.0044478,2362,1765422109278,True
1012945191,0.0044477,3709,1765422109278,True
1012945192,0.0044476,101206,1765422109278,True
1012945193,0.0044475,1134,1765422109278,True
1012945194,0.0044474,220905,1765422109278,True
1012945195,0.0044476,91105,1765422109606,False
1012945196,0.0044478,27095,1765422109607,False
1012945197,0.0044479,9860,1765422109609,False
1012945198,0.0044480,48814,1765422109609,False
1012945199,0.0044482,3542,1765422109636,False
1012945200,0.0044484,7872,1765422109649,False
1012945201,0.0044486,3542,1765422109655,False
1012945202,0.0044487,1125,1765422109719,False
1012945203,0.0044488,1124,1765422109719,False
1012945204,0.0044488,224124,1765422109797,True
1012945205,0.0044489,16854,1765422109894,False
1012945206,0.0044490,7196,1765422109899,False
1012945207,0.0044492,3597,1765422109960,False
1012945208,0.0044492,522159,1765422110025,True
1012945209,0.0044492,280509,1765422110138,True
1012945210,0.0044490,1124,1765422110197,True
1012945211,0.0044488,2249,1765422110214,True
1012945212,0.0044486,383805,1765422110311,True
1012945213,0.0044485,169511,1765422110376,True
1012945214,0.0044484,32822,1765422110376,True
1012945215,0.0044483,390187,1765422110376,True
1012945216,0.0044482,323001,1765422110376,True
1012945217,0.0044487,31088,1765422110377,False
1012945218,0.0044484,1124,1765422110667,False
1012945219,0.0044484,1124,1765422111422,True
1012945220,0.0044481,4902,1765422111511,True
1012945221,0.0044481,1150,1765422111549,False
1012945222,0.0044481,31088,1765422111750,False
1012945223,0.0044481,3977,1765422111901,False
1012945224,0.0044480,154356,1765422112584,True
1012945225,0.0044479,2249,1765422112811,True
1012945226,0.0044478,1125,1765422112833,True
1012945227,0.0044477,2249,1765422113024,True
1012945228,0.0044476,2384,1765422113024,True
1012945229,0.0044475,31726,1765422113024,True
1012945230,0.0044474,3486,1765422113120,True
1012945231,0.0044473,21041,1765422113166,True
1012945232,0.0044472,4297,1765422113166,True
1012945233,0.0044471,7399,1765422113166,True
1012945234,0.0044470,4929,1765422114598,True
1012945235,0.0044471,277640,1765422114712,False
1012945236,0.0044472,1125,1765422114715,False
1012945237,0.0044473,1147,1765422114715,False
1012945238,0.0044473,19350,1765422114734,True
1012945239,0.0044473,11667,1765422114941,True
1012945240,0.0044473,4485,1765422115087,True
1012945241,0.0044474,92364,1765422115212,False
1012945242,0.0044475,2301,1765422115522,False
1012945243,0.0044476,4611,1765422115524,False
1012945244,0.0044478,2362,1765422115524,False
1012945245,0.0044478,2248,1765422115611,True
1012945246,0.0044478,223465,1765422115883,True
1012945247,0.0044477,99969,1765422115900,True
1012945248,0.0044477,17240,1765422115977,False
1012945249,0.0044475,297083,1765422116043,True
1012945250,0.0044475,15142,1765422116046,False
1012945251,0.0044474,78331,1765422116233,True
1012945252,0.0044473,93623,1765422116573,True
1012945253,0.0044472,27095,1765422116573,True
1012945254,0.0044471,2249,1765422116573,True
1012945255,0.0044470,336808,1765422116573,True
1012945256,0.0044470,66722,1765422117043,True
1012945257,0.0044470,1469,1765422117382,False
1012945258,0.0044469,16278,1765422117484,True
1012945259,0.0044469,33592,1765422117721,True
1012945260,0.0044468,1237,1765422117722,True
1012945261,0.0044467,2242,1765422117824,True
1012945262,0.0044466,114055,1765422117826,True
1012945263,0.0044464,3486,1765422117830,True
1012945264,0.0044463,2242,1765422117830,True
1012945265,0.0044462,23151,1765422118709,True
1012945266,0.0044463,149748,1765422118758,False
1012945267,0.0044462,2245,1765422119183,True
1012945268,0.0044462,8529,1765422119579,True
1012945269,0.0044462,61936,1765422119754,True
1012945270,0.0044463,184780,1765422119831,False
1012945271,0.0044464,1125,1765422119831,False
1012945272,0.0044465,26801,1765422119833,False
1012945273,0.0044465,8460,1765422119868,True
1012945274,0.0044466,1125,1765422119871,False
1012945275,0.0044467,2249,1765422119871,False
1012945276,0.0044468,3488,1765422119931,False
1012945277,0.0044469,2249,1765422119931,False
1012945278,0.0044470,9482,1765422119931,False
1012945279,0.0044470,4038,1765422120251,False
1012945280,0.0044470,113695,1765422120590,False
1012945281,0.0044471,32890,1765422120590,False
1012945282,0.0044472,3374,1765422120590,False
1012945283,0.0044474,20679,1765422120592,False
1012945284,0.0044475,5960,1765422120592,False
1012945285,0.0044476,2362,1765422120595,False
1012945286,0.0044478,3713,1765422120599,False
1012945287,0.0044478,12297,1765422120614,True
1012945288,0.0044477,24294,1765422120679,True
1012945289,0.0044476,22362,1765422120679,True
1012945290,0.0044474,327309,1765422120738,True
1012945291,0.0044472,5627,1765422120857,True
1012945292,0.0044470,19794,1765422120945,True
1012945293,0.0044470,228724,1765422121070,False
1012945294,0.0044469,640621,1765422121113,True
1012945295,0.0044468,179897,1765422121113,True
1012945296,0.0044468,21128,1765422121241,True
1012945297,0.0044469,3711,1765422121359,False
1012945298,0.0044470,16418,1765422121365,False
1012945299,0.0044471,133272,1765422121371,False
1012945300,0.0044472,1125,1765422121371,False
1012945301,0.0044473,9672,1765422121376,False
1012945302,0.0044473,77753,1765422121395,True
1012945303,0.0044473,500000,1765422121519,True
1012945304,0.0044474,73056,1765422121569,False
1012945305,0.0044476,1125,1765422121589,False
1012945306,0.0044476,108161,1765422121927,True
1012945307,0.0044473,12012,1765422122343,True
1012945308,0.0044474,113854,1765422122802,False
1012945309,0.0044475,41481,1765422122805,False
1012945310,0.0044476,1125,1765422122808,False
1012945311,0.0044477,2417,1765422122808,False
1012945312,0.0044476,649929,1765422122811,True
1012945313,0.0044475,662573,1765422122811,True
1012945314,0.0044477,23553,1765422122812,False
1012945315,0.0044478,4656,1765422122812,False
1012945316,0.0044479,51645,1765422122812,False
1012945317,0.0044480,8321,1765422122812,False
1012945318,0.0044481,11825,1765422122812,False
1012945319,0.0044478,114065,1765422122814,True
1012945320,0.0044481,12361,1765422123011,False
1012945321,0.0044482,1125,1765422123016,False
1012945322,0.0044483,1126,1765422123100,False
1012945323,0.0044484,6859,1765422123102,False
1012945324,0.0044485,87224,1765422123105,False
1012945325,0.0044486,2361,1765422123108,False
1012945326,0.0044487,1125,1765422123108,False
1012945327,0.0044487,769417,1765422123122,True
1012945328,0.0044484,3542,1765422123150,True
1012945329,0.0044481,450049,1765422123911,True
1012945330,0.0044480,87026,1765422123911,True
1012945331,0.0044479,113523,1765422123911,True
1012945332,0.0044478,268394,1765422123911,True
1012945333,0.0044477,246874,1765422123911,True
1012945334,0.0044480,1125,1765422124268,False
1012945335,0.0044481,73539,1765422124270,False
1012945336,0.0044482,29464,1765422124286,False
1012945337,0.0044484,5622,1765422124339,False
1012945338,0.0044486,4610,1765422124344,False
1012945339,0.0044487,27095,1765422124344,False
1012945340,0.0044488,4610,1765422124344,False
1012945341,0.0044489,2249,1765422124387,False
1012945342,0.0044490,3486,1765422124392,False
1012945343,0.0044491,2249,1765422124394,False
1012945344,0.0044492,3486,1765422124410,False
1012945345,0.0044493,7971,1765422124414,False
1012945346,0.0044494,26763,1765422124414,False
1012945347,0.0044495,3709,1765422124426,False
1012945348,0.0044496,115847,1765422124426,False
1012945349,0.0044497,1125,1765422124444,False
1012945350,0.0044498,2361,1765422124461,False
1012945351,0.0044499,28212,1765422124461,False
1012945352,0.0044500,7081,1765422124517,False
1012945353,0.0044502,4508,1765422124517,False
1012945354,0.0044503,1125,1765422124517,False
1012945355,0.0044502,273792,1765422124526,True
1012945356,0.0044503,21621,1765422124583,False
1012945357,0.0044502,3111,1765422124589,True
1012945358,0.0044503,39571,1765422124650,False
1012945359,0.0044502,203608,1765422124714,True
1012945360,0.0044500,194508,1765422124742,True
1012945361,0.0044499,1137,1765422124767,True
1012945362,0.0044500,14385,1765422125026,False
1012945363,0.0044499,1708,1765422125058,True
1012945364,0.0044499,2901,1765422125335,True
1012945365,0.0044499,65061,1765422125757,True
1012945366,0.0044498,2294,1765422125757,True
1012945367,0.0044497,28250,1765422125757,True
1012945368,0.0044496,5622,1765422125757,True
1012945369,0.0044495,15000,1765422125757,True
1012945370,0.0044494,66492,1765422125757,True
1012945371,0.0044493,42005,1765422125757,True
1012945372,0.0044494,12706,1765422125826,False
1012945373,0.0044496,1124,1765422125831,False
1012945374,0.0044497,1255,1765422125921,True
1012945375,0.0044498,3373,1765422126020,False
1012945376,0.0044499,2248,1765422126020,False
1012945377,0.0044500,53161,1765422126020,False
1012945378,0.0044501,28211,1765422126020,False
1012945379,0.0044502,3372,1765422126020,False
1012945380,0.0044503,658808,1765422126070,True
1012945381,0.0044502,709366,1765422126145,True
1012945382,0.0044501,98216,1765422126145,True
1012945383,0.0044499,314658,1765422126149,True
1012945384,0.0044498,140882,1765422126230,True
1012945385,0.0044497,34316,1765422126388,True
1012945386,0.0044496,3373,1765422126427,True
1012945387,0.0044495,2248,1765422126574,True
1012945388,0.0044492,97419,1765422126586,False
1012945389,0.0044491,4498,1765422126618,True
1012945390,0.0044490,1124,1765422126671,True
1012945391,0.0044489,17051,1765422126671,True
1012945392,0.0044489,13056,1765422126832,False
1012945393,0.0044489,19577,1765422127094,False
1012945394,0.0044490,1124,1765422127094,False
1012945395,0.0044492,1124,1765422127099,False
1012945396,0.0044493,2248,1765422127369,False
1012945397,0.0044494,2361,1765422127372,False
1012945398,0.0044495,29672,1765422127372,False
1012945399,0.0044496,3373,1765422127373,False
1012945400,0.0044498,3372,1765422127425,False
1012945401,0.0044499,3374,1765422127437,False
1012945402,0.0044500,4833,1765422127440,False
1012945403,0.0044501,2248,1765422127787,False
1012945404,0.0044502,1124,1765422127794,False
1012945405,0.0044503,25956,1765422127794,False
1012945406,0.0044504,4609,1765422127795,False
1012945407,0.0044505,5956,1765422127795,False
1012945408,0.0044506,5956,1765422127795,False
1012945409,0.0044507,101577,1765422127795,False
1012945410,0.0044508,94895,1765422127795,False
1012945411,0.0044509,525862,1765422127795,False
1012945412,0.0044510,36572,1765422127795,False
1012945413,0.0044511,367809,1765422127795,False
1012945414,0.0044512,407570,1765422127795,False
1012945415,0.0044513,156274,1765422127801,False
1012945416,0.0044514,270112,1765422127801,False
1012945417,0.0044515,468481,1765422127801,False
1012945418,0.0044516,273318,1765422127801,False
1012945419,0.0044517,731086,1765422127807,False
1012945420,0.0044513,135544,1765422127910,True
1012945421,0.0044514,2249,1765422127984,False
1012945422,0.0044513,7382,1765422128135,True
1012945423,0.0044510,2249,1765422128164,True
1012945424,0.0044508,3372,1765422128295,True
1012945425,0.0044506,1236,1765422128295,True
1012945426,0.0044505,2249,1765422128295,True
1012945427,0.0044504,2248,1765422128295,True
1012945428,0.0044503,75858,1765422128295,True
1012945429,0.0044502,3372,1765422128373,True
1012945430,0.0044501,141845,1765422128439,False
1012945431,0.0044501,31993,1765422128570,False
1012945432,0.0044500,181824,1765422128786,True
1012945433,0.0044499,89541,1765422128786,True
1012945434,0.0044498,84434,1765422128786,True
1012945435,0.0044497,5751,1765422128786,True
1012945436,0.0044496,879462,1765422128786,True
1012945437,0.0044495,132677,1765422128786,True
1012945438,0.0044494,792792,1765422128786,True
1012945439,0.0044493,20043,1765422128809,True
1012945440,0.0044492,116700,1765422128810,True
1012945441,0.0044491,115391,1765422128810,True
1012945442,0.0044490,20288,1765422128862,True
1012945443,0.0044489,94273,1765422128867,True
1012945444,0.0044488,233926,1765422128916,True
1012945445,0.0044486,6333,1765422128923,True
1012945446,0.0044485,2249,1765422128948,True
1012945447,0.0044484,188161,1765422128948,True
1012945448,0.0044483,796577,1765422128978,True
1012945449,0.0044482,134014,1765422128978,True
1012945450,0.0044481,12215,1765422129087,True
1012945451,0.0044480,4622,1765422129087,True
1012945452,0.0044479,2249,1765422129092,True
1012945453,0.0044478,92731,1765422129092,True
1012945454,0.0044477,117165,1765422129104,True
1012945455,0.0044476,3486,1765422129104,True
1012945456,0.0044475,1136,1765422129105,True
1012945457,0.0044474,147789,1765422129105,True
1012945458,0.0044473,41822,1765422129114,True
1012945459,0.0044472,244552,1765422129114,True
1012945460,0.0044473,96532,1765422129188,True
1012945461,0.0044471,2249,1765422129243,True
1012945462,0.0044470,26521,1765422129243,True
1012945463,0.0044469,76583,1765422129243,True
1012945464,0.0044468,28722,1765422129243,True
1012945465,0.0044467,33159,1765422129243,True
1012945466,0.0044467,15744,1765422129448,False
1012945467,0.0044468,2497,1765422129448,False
1012945468,0.0044467,2245,1765422129468,False
1012945469,0.0044466,341909,1765422129542,True
1012945470,0.0044467,181145,1765422129676,False
1012945471,0.0044468,1125,1765422129745,False
1012945472,0.0044470,2251,1765422129758,False
1012945473,0.0044471,2248,1765422129758,False
1012945474,0.0044471,1078476,1765422129779,True
1012945475,0.0044469,4625,1765422129808,True
1012945476,0.0044466,29177,1765422130028,True
1012945477,0.0044467,13361,1765422130179,False
1012945478,0.0044466,21159,1765422130318,True
1012945479,0.0044467,323783,1765422130323,False
1012945480,0.0044468,1125,1765422130327,False
1012945481,0.0044470,1125,1765422130331,False
1012945482,0.0044471,3374,1765422130331,False
1012945483,0.0044472,23391,1765422130331,False
1012945484,0.0044473,2248,1765422130332,False
1012945485,0.0044474,97248,1765422130332,False
1012945486,0.0044472,3711,1765422130344,False
1012945487,0.0044474,790174,1765422130371,True
1012945488,0.0044474,903977,1765422130528,True
1012945489,0.0044475,4400,1765422130581,False
1012945490,0.0044474,13409,1765422130702,True
1012945491,0.0044475,18798,1765422130824,False
1012945492,0.0044476,1125,1765422130830,False
1012945493,0.0044475,331415,1765422131080,True
1012945494,0.0044474,153121,1765422131080,True
1012945495,0.0044473,3396,1765422131080,True
1012945496,0.0044472,1125,1765422131080,True
1012945497,0.0044471,140882,1765422131080,True
1012945498,0.0044470,127851,1765422131087,True
1012945499,0.0044469,285030,1765422131087,True
1012945500,0.0044468,489621,1765422131087,True
1012945501,0.0044467,336801,1765422131091,True
1012945502,0.0044466,212650,1765422131097,True
1012945503,0.0044465,678972,1765422131103,True
1012945504,0.0044464,39847,1765422131110,True
1012945505,0.0044463,1394457,1765422131110,True
1012945506,0.0044471,44972,1765422131156,True
1012945507,0.0044468,124435,1765422131156,True
1012945508,0.0044471,11582,1765422131202,True
1012945509,0.0044467,2249,1765422131203,True
1012945510,0.0044466,1125,1765422131203,True
1012945511,0.0044469,165351,1765422131288,False
1012945512,0.0044470,1125,1765422131288,False
1012945513,0.0044471,10206,1765422131288,False
1012945514,0.0044469,7891,1765422131326,False
1012945515,0.0044469,5608,1765422131459,False
1012945516,0.0044470,1125,1765422131463,False
1012945517,0.0044472,1125,1765422131599,False
1012945518,0.0044473,2249,1765422131602,False
1012945519,0.0044474,1125,1765422131639,False
1012945520,0.0044475,2249,1765422131644,False
1012945521,0.0044476,29351,1765422131645,False
1012945522,0.0044478,112324,1765422131647,False
1012945523,0.0044480,23260,1765422131648,False
1012945524,0.0044481,408345,1765422131688,True
1012945525,0.0044482,2251,1765422131981,False
1012945526,0.0044484,3372,1765422132004,False
1012945527,0.0044485,3542,1765422132027,False
1012945528,0.0044486,2271,1765422132088,False
1012945529,0.0044488,4048,1765422132366,False
1012945530,0.0044486,10782,1765422132850,True
1012945531,0.0044484,3419,1765422132850,True
1012945532,0.0044485,132889,1765422133211,False
1012945533,0.0044486,101244,1765422133211,False
1012945534,0.0044487,278846,1765422133211,False
1012945535,0.0044488,107555,1765422133211,False
1012945536,0.0044487,1142,1765422133251,True
1012945537,0.0044486,72358,1765422133612,False
1012945538,0.0044485,101949,1765422134287,True
1012945539,0.0044484,3373,1765422134287,True
1012945540,0.0044483,25963,1765422134288,True
1012945541,0.0044482,2248,1765422134288,True
1012945542,0.0044481,36965,1765422134298,True
1012945543,0.0044480,2249,1765422134301,True
1012945544,0.0044479,4497,1765422134301,True
1012945545,0.0044478,124073,1765422134306,True
1012945546,0.0044478,431101,1765422134355,False
1012945547,0.0044475,67718,1765422134516,False
1012945548,0.0044474,360059,1765422134674,True
1012945549,0.0044474,241375,1765422134687,False
1012945550,0.0044476,1125,1765422134731,False
1012945551,0.0044478,1125,1765422134737,False
1012945552,0.0044480,14832,1765422135328,False
1012945553,0.0044482,2251,1765422135411,False
1012945554,0.0044484,4609,1765422135416,False
1012945555,0.0044484,12267,1765422136107,True
1012945556,0.0044484,27314,1765422136223,True
1012945557,0.0044479,22128,1765422136253,True
1012945558,0.0044478,1125,1765422136256,True
1012945559,0.0044477,25707,1765422136417,True
1012945560,0.0044475,18355,1765422136417,True
1012945561,0.0044476,1125,1765422136758,False
1012945562,0.0044478,1125,1765422136813,False
1012945563,0.0044479,4497,1765422136815,False
1012945564,0.0044480,1125,1765422136829,False
1012945565,0.0044481,3710,1765422136942,True
1012945566,0.0044478,3377,1765422137154,True
1012945567,0.0044477,16271,1765422137362,True
1012945568,0.0044477,14036,1765422137633,True
1012945569,0.0044477,39863,1765422137743,True
1012945570,0.0044478,15640,1765422138250,False
1012945571,0.0044478,5565,1765422138378,False
1012945572,0.0044480,487,1765422138447,False
1012945573,0.0044479,1181,1765422139462,True
1012945574,0.0044478,34367,1765422139465,True
1012945575,0.0044477,719399,1765422139465,True
1012945576,0.0044474,3492,1765422139476,True
1012945577,0.0044474,1446,1765422139801,True
1012945578,0.0044475,37366,1765422139838,False
1012945579,0.0044476,1125,1765422139842,False
1012945580,0.0044478,1125,1765422139880,False
1012945581,0.0044479,5158,1765422139921,False
1012945582,0.0044480,114387,1765422139924,False
1012945583,0.0044481,1126,1765422139924,False
1012945584,0.0044482,5758,1765422139926,False
1012945585,0.0044483,24601,1765422140104,True
1012945586,0.0044483,7781,1765422140674,True
1012945587,0.0044484,141845,1765422140860,False
1012945588,0.0044483,396061,1765422140941,True
1012945589,0.0044481,3710,1765422140944,True
1012945590,0.0044480,143715,1765422140944,True
1012945591,0.0044479,17507,1765422140947,True
1012945592,0.0044478,106372,1765422140947,True
1012945593,0.0044477,479367,1765422140947,True
1012945594,0.0044476,1263128,1765422140951,True
1012945595,0.0044477,454680,1765422140968,True
1012945596,0.0044475,3541,1765422141053,True
1012945597,0.0044474,8209,1765422141162,True
1012945598,0.0044475,96608,1765422141340,False
1012945599,0.0044476,15678,1765422141439,False
1012945600,0.0044477,63229,1765422141589,False
1012945601,0.0044478,1125,1765422141690,False
1012945602,0.0044479,15219,1765422141691,False
1012945603,0.0044480,5622,1765422141771,False
1012945604,0.0044481,1152,1765422141840,True
1012945605,0.0044482,26188,1765422142549,False
1012945606,0.0044484,27832,1765422142558,False
1012945607,0.0044485,7041,1765422142558,False
1012945608,0.0044486,2361,1765422142670,False
1012945609,0.0044488,22871,1765422142905,False
1012945610,0.0044490,6372,1765422142905,False
1012945611,0.0044491,1125,1765422142909,False
1012945612,0.0044492,4609,1765422142935,False
1012945613,0.0044493,25963,1765422142937,False
1012945614,0.0044494,2361,1765422142937,False
1012945615,0.0044495,8205,1765422142937,False
1012945616,0.0044496,3486,1765422143140,False
1012945617,0.0044497,2247,1765422143144,False
1012945618,0.0044498,2361,1765422143681,False
1012945619,0.0044499,342,1765422143681,False
1012945620,0.0044499,33168,1765422143684,True
1012945621,0.0044497,136482,1765422144086,True
1012945622,0.0044496,3540,1765422144089,True
1012945623,0.0044495,2249,1765422144162,True
1012945624,0.0044493,116314,1765422144162,True
1012945625,0.0044492,86685,1765422144162,True
1012945626,0.0044491,86836,1765422144162,True
1012945627,0.0044490,254454,1765422144162,True
1012945628,0.0044489,15503,1765422144162,True
1012945629,0.0044491,1350,1765422144252,True
1012945630,0.0044491,97194,1765422144674,False
1012945631,0.0044492,102806,1765422144674,False
1012945632,0.0044492,731,1765422145134,False
1012945633,0.0044491,8530,1765422145432,True
1012945634,0.0044492,13487,1765422145552,False
1012945635,0.0044491,3401,1765422146065,True
1012945636,0.0044491,403996,1765422146825,True
1012945637,0.0044490,3541,1765422146831,True
1012945638,0.0044489,2249,1765422146844,True
1012945639,0.0044488,41720,1765422146994,False
1012945640,0.0044488,1124,1765422148425,False
1012945641,0.0044489,2280,1765422148488,True
1012945642,0.0044490,1124,1765422148512,False
1012945643,0.0044491,23846,1765422148937,True
1012945644,0.0044492,68356,1765422149307,False
1012945645,0.0044493,2294,1765422149312,False
1012945646,0.0044494,25,1765422149393,False
1012945647,0.0044494,2336,1765422150530,False
1012945648,0.0044495,6791,1765422150530,False
1012945649,0.0044496,30618,1765422150530,False
1012945650,0.0044497,3430,1765422150530,False
1012945651,0.0044498,48366,1765422150530,False
1012945652,0.0044496,77925,1765422150651,True
1012945653,0.0044494,57836,1765422150651,True
1012945654,0.0044493,469026,1765422150651,True
1012945655,0.0044492,83894,1765422150651,True
1012945656,0.0044491,169492,1765422150651,True
1012945657,0.0044490,583806,1765422150651,True
1012945658,0.0044489,18828,1765422150651,True
1012945659,0.0044494,4833,1765422150749,False
1012945660,0.0044495,2249,1765422150749,False
1012945661,0.0044496,166576,1765422150749,False
1012945662,0.0044497,607637,1765422150749,False
1012945663,0.0044496,17543,1765422150767,True
1012945664,0.0044497,1786,1765422150831,True
1012945665,0.0044498,141845,1765422150897,False
1012945666,0.0044497,89712,1765422152104,True
1012945667,0.0044498,182356,1765422153099,False
1012945668,0.0044499,7265,1765422153128,True
1012945669,0.0044500,29484,1765422153163,False
1012945670,0.0044501,4461,1765422153725,True
1012945671,0.0044502,2360,1765422153913,False
1012945672,0.0044503,2247,1765422153941,False
1012945673,0.0044504,2360,1765422153942,False
1012945674,0.0044505,4496,1765422153942,False
1012945675,0.0044506,14254,1765422154010,False
1012945676,0.0044507,2247,1765422154609,False
1012945677,0.0044508,2360,1765422154609,False
1012945678,0.0044509,20410,1765422154614,False
1012945679,0.0044510,8317,1765422154620,False
1012945680,0.0044510,528968,1765422154807,True
1012945681,0.0044509,250110,1765422154807,True
1012945682,0.0044508,665891,1765422154808,True
1012945683,0.0044507,445915,1765422154808,True
1012945684,0.0044506,172861,1765422154808,True
1012945685,0.0044506,40343,1765422155033,True
1012945686,0.0044505,3707,1765422155036,True
1012945687,0.0044504,2249,1765422155041,True
1012945688,0.0044502,12970,1765422155041,True
1012945689,0.0044501,24062,1765422155155,True
1012945690,0.0044500,1236,1765422155155,True
1012945691,0.0044499,44048,1765422155155,True
1012945692,0.0044497,20366,1765422155155,True
1012945693,0.0044498,33242,1765422155169,False
1012945694,0.0044498,15671,1765422155329,False
1012945695,0.0044497,44742,1765422156092,True
1012945696,0.0044496,1124,1765422156094,True
1012945697,0.0044495,129639,1765422156112,True
1012945698,0.0044494,4623,1765422156127,True
1012945699,0.0044493,3540,1765422156136,True
1012945700,0.0044492,4303,1765422156160,True
1012945701,0.0044493,228617,1765422156160,False
1012945702,0.0044493,51414,1765422156594,False
1012945703,0.0044494,1124,1765422156594,False
1012945704,0.0044496,64533,1765422156599,False
1012945705,0.0044497,2248,1765422156599,False
1012945706,0.0044498,42910,1765422156599,False
1012945707,0.0044499,2456,1765422156793,True
1012945708,0.0044499,2819,1765422157217,True
1012945709,0.0044499,89712,1765422157697,True
1012945710,0.0044499,2564,1765422157922,True
1012945711,0.0044499,19563,1765422158320,True
1012945712,0.0044497,25956,1765422158322,True
1012945713,0.0044496,1124,1765422158322,True
1012945714,0.0044495,442542,1765422158322,True
1012945715,0.0044494,1237,1765422158330,True
1012945716,0.0044493,12573,1765422159013,True
1012945717,0.0044493,61325,1765422159165,True
1012945718,0.0044492,3531,1765422159165,True
1012945719,0.0044491,30505,1765422159165,True
1012945720,0.0044490,2361,1765422159165,True
1012945721,0.0044489,94540,1765422159165,True
1012945722,0.0044488,208266,1765422159165,True
1012945723,0.0044487,62968,1765422159166,True
1012945724,0.0044486,5954,1765422159166,True
1012945725,0.0044485,103463,1765422159166,True
1012945726,0.0044484,105062,1765422159166,True
1012945727,0.0044489,12793,1765422159178,False
1012945728,0.0044490,1124,1765422159178,False
1012945729,0.0044492,1124,1765422159178,False
1012945730,0.0044493,51440,1765422159178,False
1012945731,0.0044490,7269,1765422159822,True
1012945732,0.0044489,2294,1765422159822,True
1012945733,0.0044487,12579,1765422159848,False
1012945734,0.0044486,14930,1765422160035,True
1012945735,0.0044485,3709,1765422160061,True
1012945736,0.0044484,16510,1765422160147,True
1012945737,0.0044482,31758,1765422160149,True
1012945738,0.0044481,135348,1765422160153,True
1012945739,0.0044480,1237,1765422160167,True
1012945740,0.0044479,6784,1765422160230,True
1012945741,0.0044478,2362,1765422160230,True
1012945742,0.0044477,33077,1765422160230,True
1012945743,0.0044476,1237,1765422160231,True
1012945744,0.0044475,46252,1765422160231,True
1012945745,0.0044474,1292,1765422160259,True
1012945746,0.0044474,22147,1765422160381,True
1012945747,0.0044475,92479,1765422160386,False
1012945748,0.0044474,1253,1765422161140,True
1012945749,0.0044475,131760,1765422161543,False
1012945750,0.0044476,2859,1765422161545,False
1012945751,0.0044478,17068,1765422161601,False
1012945752,0.0044480,4611,1765422161605,False
1012945753,0.0044481,2248,1765422161614,False
1012945754,0.0044482,1125,1765422161620,False
1012945755,0.0044482,1761,1765422162037,True
1012945756,0.0044482,36639,1765422162331,True
1012945757,0.0044483,141845,1765422162533,False
1012945758,0.0044482,89712,1765422162761,True
1012945759,0.0044482,116778,1765422163302,True
1012945760,0.0044479,100000,1765422163451,False
1012945761,0.0044478,123577,1765422163964,True
1012945762,0.0044478,13363,1765422163967,False
1012945763,0.0044477,3711,1765422163974,True
1012945764,0.0044478,14742,1765422163984,False
1012945765,0.0044476,3542,1765422163991,True
1012945766,0.0044474,241984,1765422164043,True
1012945767,0.0044473,4543,1765422164043,True
1012945768,0.0044472,127794,1765422164043,True
1012945769,0.0044471,289476,1765422164043,True
1012945770,0.0044470,31817,1765422164049,True
1012945771,0.0044469,3604,1765422164057,True
1012945772,0.0044468,455403,1765422164057,True
1012945773,0.0044467,80319,1765422164057,True
1012945774,0.0044469,312799,1765422164069,True
1012945775,0.0044466,38278,1765422164122,True
1012945776,0.0044466,31502,1765422164495,False
1012945777,0.0044468,1125,1765422164497,False
1012945778,0.0044469,25977,1765422164497,False
1012945779,0.0044470,62423,1765422164497,False
1012945780,0.0044471,95145,1765422164497,False
1012945781,0.0044472,1125,1765422164583,False
1012945782,0.0044474,3374,1765422164588,False
1012945783,0.0044475,4599,1765422165208,False
1012945784,0.0044476,1125,1765422165208,False
1012945785,0.0044477,2249,1765422165212,False
1012945786,0.0044478,1125,1765422165216,False
1012945787,0.0044479,28219,1765422165216,False
1012945788,0.0044480,4611,1765422165225,False
1012945789,0.0044480,75311,1765422165297,True
1012945790,0.0044481,29311,1765422165537,False
1012945791,0.0044481,69457,1765422165748,True
1012945792,0.0044481,118697,1765422166081,True
1012945793,0.0044480,36966,1765422166159,True
1012945794,0.0044479,25970,1765422166166,True
1012945795,0.0044478,1125,1765422166166,True
1012945796,0.0044477,3710,1765422166170,True
1012945797,0.0044476,3486,1765422166346,True
1012945798,0.0044474,15219,1765422166348,True
1012945799,0.0044473,361355,1765422166748,False
1012945800,0.0044473,5291,1765422166832,True
1012945801,0.0044472,3891,1765422167038,True
1012945802,0.0044473,3711,1765422167436,False
1012945803,0.0044474,3453,1765422167436,False
1012945804,0.0044475,70529,1765422167436,False
1012945805,0.0044476,2251,1765422167439,False
1012945806,0.0044477,124617,1765422167439,False
1012945807,0.0044478,71522,1765422167439,False
1012945808,0.0044478,4818,1765422167487,True
1012945809,0.0044478,1125,1765422167626,True
1012945810,0.0044475,78482,1765422167633,True
1012945811,0.0044475,157366,1765422167856,False
1012945812,0.0044476,10983,1765422167856,False
1012945813,0.0044477,187542,1765422167856,False
1012945814,0.0044478,1125,1765422167856,False
1012945815,0.0044479,115739,1765422167856,False
1012945816,0.0044480,479204,1765422167856,False
1012945817,0.0044481,175155,1765422167856,False
1012945818,0.0044482,355636,1765422167856,False
1012945819,0.0044483,185786,1765422167856,False
1012945820,0.0044484,278523,1765422167856,False
1012945821,0.0044485,554643,1765422167856,False
1012945822,0.0044486,248730,1765422167856,False
1012945823,0.0044487,360515,1765422167856,False
1012945824,0.0044485,57214,1765422167860,True
1012945825,0.0044481,2249,1765422167916,True
1012945826,0.0044478,1125,1765422167922,True
1012945827,0.0044477,73576,1765422168049,True
1012945828,0.0044475,25970,1765422168051,True
1012945829,0.0044474,66623,1765422168051,True
1012945830,0.0044473,71006,1765422168051,True
1012945831,0.0044472,215838,1765422168051,True
1012945832,0.0044472,12707,1765422168185,False
1012945833,0.0044474,1125,1765422168185,False
1012945834,0.0044476,1125,1765422168185,False
1012945835,0.0044477,1359,1765422168185,False
1012945836,0.0044474,6816,1765422168331,True
1012945837,0.0044473,206572,1765422168757,False
1012945838,0.0044472,1125,1765422168777,True
1012945839,0.0044470,119256,1765422169155,True
1012945840,0.0044469,8256,1765422169157,True
1012945841,0.0044469,181957,1765422169264,False
1012945842,0.0044468,1237,1765422169280,True
1012945843,0.0044468,15665,1765422169309,False
1012945844,0.0044467,3178,1765422169524,True
1012945845,0.0044467,18714,1765422170010,True
1012945846,0.0044467,23913,1765422170257,True
1012945847,0.0044467,36017,1765422170381,True
1012945848,0.0044468,165269,1765422170461,False
1012945849,0.0044469,42141,1765422170461,False
1012945850,0.0044470,29219,1765422170472,False
1012945851,0.0044472,3488,1765422170492,False
1012945852,0.0044472,4492,1765422171396,True
1012945853,0.0044472,8530,1765422171731,True
1012945854,0.0044469,217313,1765422172821,True
1012945855,0.0044468,68526,1765422172821,True
1012945856,0.0044467,123695,1765422172821,True
1012945857,0.0044467,2249,1765422172945,True
1012945858,0.0044466,4658,1765422172945,True
1012945859,0.0044465,50892,1765422172945,True
1012945860,0.0044465,3854,1765422173297,True
1012945861,0.0044464,3486,1765422173563,True
1012945862,0.0044463,484007,1765422173564,True
1012945863,0.0044462,72164,1765422173566,True
1012945864,0.0044461,49687,1765422173566,True
1012945865,0.0044460,164623,1765422173574,True
1012945866,0.0044459,76208,1765422173575,True
1012945867,0.0044458,55260,1765422173603,True
1012945868,0.0044457,111293,1765422173603,True
1012945869,0.0044456,56121,1765422173606,True
1012945870,0.0044455,195394,1765422173606,True
1012945871,0.0044454,36606,1765422173608,True
1012945872,0.0044453,77659,1765422173608,True
1012945873,0.0044452,527890,1765422173637,True
1012945874,0.0044451,251739,1765422173638,True
1012945875,0.0044450,441799,1765422173649,True
1012945876,0.0044449,623535,1765422173675,True
1012945877,0.0044448,2363,1765422173737,True
1012945878,0.0044447,3388,1765422173751,True
1012945879,0.0044446,189168,1765422173773,True
1012945880,0.0044445,4495,1765422173795,True
1012945881,0.0044444,158599,1765422173795,True
1012945882,0.0044443,81657,1765422173795,True
1012945883,0.0044442,73173,1765422173795,True
1012945884,0.0044441,2243,1765422173795,True
1012945885,0.0044440,250970,1765422173795,True
1012945886,0.0044439,177295,1765422173795,True
1012945887,0.0044437,2244,1765422173796,True
1012945888,0.0044436,394468,1765422173796,True
1012945889,0.0044442,1355,1765422173852,True
1012945890,0.0044440,560637,1765422173870,True
1012945891,0.0044442,11582,1765422173873,False
1012945892,0.0044443,28226,1765422173873,False
1012945893,0.0044444,80406,1765422173910,False
1012945894,0.0044445,106976,1765422173910,False
1012945895,0.0044446,452841,1765422173912,False
1012945896,0.0044444,75340,1765422174363,False
1012945897,0.0044446,2984,1765422174573,True
1012945898,0.0044446,2061,1765422175042,True
1012945899,0.0044445,1148,1765422175042,True
1012945900,0.0044444,66505,1765422175042,True
1012945901,0.0044443,13360,1765422175042,True
1012945902,0.0044442,6813,1765422175042,True
1012945903,0.0044441,207961,1765422175075,True
1012945904,0.0044442,73663,1765422175155,False
1012945905,0.0044444,27117,1765422175155,False
1012945906,0.0044446,148656,1765422175300,False
1012945907,0.0044447,37534,1765422175300,False
1012945908,0.0044448,42537,1765422175300,False
1012945909,0.0044449,29455,1765422175300,False
1012945910,0.0044448,158605,1765422175451,True
1012945911,0.0044444,125754,1765422175484,True
1012945912,0.0044444,76458,1765422175731,True
1012945913,0.0044442,1126,1765422175802,True
1012945914,0.0044441,5964,1765422175804,True
1012945915,0.0044440,17101,1765422175804,True
1012945916,0.0044438,2249,1765422175811,True
1012945917,0.0044437,3713,1765422175822,True
1012945918,0.0044437,33242,1765422175827,False
1012945919,0.0044436,1126,1765422175869,True
1012945920,0.0044435,2244,1765422175869,True
1012945921,0.0044434,367779,1765422175869,True
1012945922,0.0044433,3713,1765422175879,True
1012945923,0.0044432,10055,1765422175879,True
1012945924,0.0044431,208920,1765422175879,True
1012945925,0.0044430,231361,1765422175880,True
1012945926,0.0044429,176611,1765422175889,True
1012945927,0.0044428,627484,1765422175889,True
1012945928,0.0044427,328905,1765422175889,True
1012945929,0.0044426,183308,1765422175889,True
1012945930,0.0044425,280064,1765422175892,True
1012945931,0.0044424,498828,1765422175892,True
1012945932,0.0044423,230213,1765422175900,True
1012945933,0.0044422,525088,1765422175907,True
1012945934,0.0044421,826206,1765422175907,True
1012945935,0.0044420,187065,1765422175909,True
1012945936,0.0044428,45012,1765422175924,True
1012945937,0.0044425,112530,1765422175933,True
1012945938,0.0044424,180566,1765422175933,True
1012945939,0.0044423,112530,1765422175933,True
1012945940,0.0044422,68057,1765422175933,True
1012945941,0.0044421,12846,1765422175938,True
1012945942,0.0044419,208250,1765422175938,True
1012945943,0.0044425,34924,1765422175962,True
1012945944,0.0044423,68824,1765422176049,False
1012945945,0.0044425,22354,1765422176049,False
1012945946,0.0044422,335910,1765422176105,True
1012945947,0.0044421,1355,1765422176105,True
1012945948,0.0044418,1126,1765422176105,True
1012945949,0.0044417,8381,1765422176105,True
1012945950,0.0044416,181023,1765422176105,True
1012945951,0.0044415,3379,1765422176105,True
1012945952,0.0044414,7128,1765422176105,True
1012945953,0.0044413,2245,1765422176105,True
1012945954,0.0044412,27397,1765422176108,True
1012945955,0.0044411,28603,1765422176108,True
1012945956,0.0044415,782693,1765422176152,False
1012945957,0.0044416,465350,1765422176248,False
1012945958,0.0044415,26953,1765422176341,False
1012945959,0.0044416,28079,1765422176341,False
1012945960,0.0044417,2250,1765422176341,False
1012945961,0.0044418,1126,1765422176341,False
1012945962,0.0044419,311597,1765422176360,False
1012945963,0.0044420,3378,1765422176366,False
1012945964,0.0044417,78709,1765422176417,True
1012945965,0.0044416,77627,1765422176417,True
1012945966,0.0044415,539506,1765422176417,True
1012945967,0.0044414,650940,1765422176417,True
1012945968,0.0044413,483791,1765422176417,True
1012945969,0.0044412,417510,1765422176417,True
1012945970,0.0044411,750350,1765422176417,True
1012945971,0.0044410,205446,1765422176417,True
1012945972,0.0044409,111813,1765422176417,True
1012945973,0.0044408,491971,1765422176417,True
1012945974,0.0044407,350282,1765422176417,True
1012945975,0.0044406,1006513,1765422176417,True
1012945976,0.0044422,5628,1765422176457,False
1012945977,0.0044423,22513,1765422176536,False
1012945978,0.0044423,30032,1765422176620,True
1012945979,0.0044421,20874,1765422176794,True
1012945980,0.0044419,47210,1765422177189,False
1012945981,0.0044420,1126,1765422177189,False
1012945982,0.0044422,1126,1765422177191,False
1012945983,0.0044423,2252,1765422177192,False
1012945984,0.0044424,1126,1765422177192,False
1012945985,0.0044425,430461,1765422177290,False
1012945986,0.0044426,2275,1765422177290,False
1012945987,0.0044427,28255,1765422177290,False
1012945988,0.0044428,3377,1765422177290,False
1012945989,0.0044430,124916,1765422177290,False
1012945990,0.0044431,272566,1765422177290,False
1012945991,0.0044429,198208,1765422177297,True
1012945992,0.0044425,333306,1765422177307,True
1012945993,0.0044425,15321,1765422177491,True
1012945994,0.0044424,1126,1765422177495,True
1012945995,0.0044423,28256,1765422177496,True
1012945996,0.0044421,1289371,1765422177543,True
1012945997,0.0044420,2254,1765422177560,True
1012945998,0.0044418,3378,1765422177566,True
1012945999,0.0044417,3715,1765422177566,True
1012946000,0.0044416,2250,1765422177575,True
1012946001,0.0044415,4506,1765422177580,True
1012946002,0.0044414,48000,1765422177593,True
1012946003,0.0044413,5967,1765422177630,True
1012946004,0.0044412,172609,1765422177911,True
1012946005,0.0044411,2250,1765422177947,True
1012946006,0.0044410,26012,1765422177949,True
1012946007,0.0044409,478130,1765422177949,True
1012946008,0.0044408,9684,1765422177951,True
1012946009,0.0044406,1126,1765422177964,True
1012946010,0.0044405,1278672,1765422178036,True
1012946011,0.0044404,107630,1765422178036,True
1012946012,0.0044403,2246,1765422178036,True
1012946013,0.0044402,121948,1765422178036,True
1012946014,0.0044406,29488,1765422178036,False
1012946015,0.0044402,852411,1765422178036,True
1012946016,0.0044401,14804,1765422178036,True
1012946017,0.0044400,101753,1765422178037,True
1012946018,0.0044402,1127,1765422178093,False
1012946019,0.0044404,1127,1765422178095,False
1012946020,0.0044404,5496,1765422178097,True
1012946021,0.0044405,43815,1765422178182,False
1012946022,0.0044406,3377,1765422178183,False
1012946023,0.0044407,28264,1765422178183,False
1012946024,0.0044408,1126,1765422178195,False
1012946025,0.0044409,85091,1765422178206,True
1012946026,0.0044409,169311,1765422178351,True
1012946027,0.0044410,5000,1765422178492,False
1012946028,0.0044409,81028,1765422178535,True
1012946029,0.0044406,2253,1765422178545,True
1012946030,0.0044405,4503,1765422178615,True
1012946031,0.0044403,2252,1765422178615,True
1012946032,0.0044401,170886,1765422178615,True
1012946033,0.0044401,6750,1765422178730,True
1012946034,0.0044402,108279,1765422178754,False
1012946035,0.0044403,80246,1765422178754,False
1012946036,0.0044404,81373,1765422178754,False
1012946037,0.0044405,80257,1765422178754,False
1012946038,0.0044406,155949,1765422178754,False
1012946039,0.0044407,80475,1765422178754,False
1012946040,0.0044408,39982,1765422178754,False
1012946041,0.0044406,503322,1765422178777,True
1012946042,0.0044405,142884,1765422178777,True
1012946043,0.0044403,207864,1765422178777,True
1012946044,0.0044402,517622,1765422178778,True
1012946045,0.0044400,5921219,1765422178778,True
1012946046,0.0044399,8639,1765422178847,True
1012946047,0.0044398,750308,1765422178847,True
1012946048,0.0044397,3053,1765422178851,True
1012946049,0.0044396,4489,1765422178857,False
1012946050,0.0044395,76289,1765422178882,True
1012946051,0.0044394,4526,1765422178882,True
1012946052,0.0044392,6882,1765422178885,True
1012946053,0.0044392,13469,1765422178890,False
1012946054,0.0044391,2246,1765422178893,True
1012946055,0.0044390,108954,1765422178930,False
1012946056,0.0044392,27153,1765422178930,False
1012946057,0.0044393,11589,1765422178958,True
1012946058,0.0044391,41451,1765422179025,False
1012946059,0.0044390,1345,1765422179071,True
1012946060,0.0044391,260632,1765422179074,False
1012946061,0.0044392,82751,1765422179074,False
1012946062,0.0044393,76105,1765422179074,False
1012946063,0.0044394,1064,1765422179074,False
1012946064,0.0044392,13578,1765422179364,True
1012946065,0.0044394,1126,1765422179520,False
1012946066,0.0044393,9377,1765422179529,True
1012946067,0.0044394,1188,1765422179531,False
1012946068,0.0044396,1127,1765422179566,False
1012946069,0.0044397,2252,1765422179566,False
1012946070,0.0044398,3379,1765422179566,False
1012946071,0.0044400,4380,1765422179566,False
1012946072,0.0044399,208197,1765422179584,True
1012946073,0.0044397,184187,1765422179585,True
1012946074,0.0044394,3379,1765422179588,True
1012946075,0.0044392,40927,1765422179588,True
1012946076,0.0044393,143021,1765422179680,False
1012946077,0.0044394,1127,1765422179692,False
1012946078,0.0044396,10515,1765422179692,False
1012946079,0.0044397,234234,1765422179692,False
1012946080,0.0044398,98043,1765422179692,False
1012946081,0.0044400,862611,1765422179698,False
1012946082,0.0044401,109661,1765422179708,False
1012946083,0.0044402,236268,1765422179711,False
1012946084,0.0044403,190764,1765422179711,False
1012946085,0.0044399,11240,1765422179863,True
1012946086,0.0044398,13868,1765422179873,True
1012946087,0.0044395,94684,1765422179959,True
1012946088,0.0044396,26673,1765422179977,False
1012946089,0.0044395,111384,1765422180070,True
1012946090,0.0044394,15219,1765422180104,True
1012946091,0.0044393,14161,1765422180181,True
1012946092,0.0044392,528790,1765422180277,True
1012946093,0.0044389,688403,1765422180342,True
1012946094,0.0044388,1127,1765422180342,True
1012946095,0.0044387,107982,1765422180342,True
1012946096,0.0044386,102078,1765422180342,True
1012946097,0.0044385,103814,1765422180342,True
1012946098,0.0044384,348994,1765422180342,True
1012946099,0.0044383,55193,1765422180342,True
1012946100,0.0044382,151883,1765422180342,True
1012946101,0.0044381,510441,1765422180342,True
1012946102,0.0044380,846161,1765422180342,True
1012946103,0.0044379,1471920,1765422180342,True
1012946104,0.0044378,371898,1765422180342,True
1012946105,0.0044377,1717392,1765422180342,True
1012946106,0.0044376,791086,1765422180342,True
1012946107,0.0044375,450015,1765422180342,True
1012946108,0.0044380,3379,1765422180348,False
1012946109,0.0044382,1127,1765422180348,False
1012946110,0.0044384,1127,1765422180348,False
1012946111,0.0044386,34314,1765422180348,False
1012946112,0.0044388,27384,1765422180349,False
1012946113,0.0044382,1127,1765422180378,True
1012946114,0.0044381,45690,1765422180378,True
1012946115,0.0044381,112000,1765422180602,True
1012946116,0.0044379,4505,1765422180604,True
1012946117,0.0044376,1127,1765422180606,True
1012946118,0.0044375,245829,1765422180606,True
1012946119,0.0044374,96375,1765422180606,True
1012946120,0.0044373,468046,1765422180606,True
1012946121,0.0044372,105059,1765422180606,True
1012946122,0.0044371,107780,1765422180606,True
1012946123,0.0044370,550531,1765422180606,True
1012946124,0.0044369,12306,1765422180606,True
1012946125,0.0044368,220035,1765422180606,True
1012946126,0.0044367,543771,1765422180606,True
1012946127,0.0044366,550552,1765422180606,True
1012946128,0.0044365,897173,1765422180606,True
1012946129,0.0044369,21605,1765422180606,True
1012946130,0.0044364,343883,1765422180609,True
1012946131,0.0044364,97562,1765422180616,False
1012946132,0.0044363,1527,1765422180704,True
1012946133,0.0044364,1128,1765422180708,False
1012946134,0.0044365,96842,1765422180769,False
1012946135,0.0044366,1127,1765422180769,False
1012946136,0.0044367,141396,1765422180769,False
1012946137,0.0044368,3380,1765422180774,False
1012946138,0.0044369,56818,1765422180774,False
1012946139,0.0044370,7100,1765422180774,False
1012946140,0.0044371,56530,1765422180774,False
1012946141,0.0044372,212542,1765422180777,False
1012946142,0.0044371,102142,1765422181069,False
1012946143,0.0044372,50863,1765422181069,False
1012946144,0.0044373,2563,1765422181145,False
1012946145,0.0044374,3380,1765422181152,False
1012946146,0.0044375,42989,1765422181193,False
1012946147,0.0044376,1127,1765422181193,False
1012946148,0.0044376,1127,1765422181319,False
1012946149,0.0044377,71004,1765422181319,False
1012946150,0.0044378,2255,1765422181319,False
1012946151,0.0044377,76206,1765422181612,True
1012946152,0.0044376,1127,1765422181655,True
1012946153,0.0044375,26033,1765422181655,True
1012946154,0.0044374,14507,1765422181655,True
1012946155,0.0044373,228121,1765422181655,True
1012946156,0.0044372,99194,1765422181655,True
1012946157,0.0044371,107047,1765422181655,True
1012946158,0.0044370,133922,1765422181655,True
1012946159,0.0044369,91764,1765422181655,True
1012946160,0.0044368,44363,1765422181655,True
1012946161,0.0044369,133048,1765422181659,False
1012946162,0.0044370,1406,1765422181659,False
1012946163,0.0044372,3380,1765422181760,False
1012946164,0.0044374,1804559,1765422181760,False
1012946165,0.0044376,1127,1765422181765,False
1012946166,0.0044377,4507,1765422181765,False
1012946167,0.0044378,93753,1765422181765,False
1012946168,0.0044379,23859,1765422181766,False
1012946169,0.0044380,6197,1765422181766,False
1012946170,0.0044381,28749,1765422181767,False
1012946171,0.0044382,9278,1765422181789,False
1012946172,0.0044381,71267,1765422181844,True
1012946173,0.0044377,11848,1765422181862,True
1012946174,0.0044376,52992,1765422181862,True
1012946175,0.0044375,39180,1765422181862,True
1012946176,0.0044374,379808,1765422181866,True
1012946177,0.0044374,48625,1765422182009,False
1012946178,0.0044376,93855,1765422182009,False
1012946179,0.0044376,1951,1765422182279,False
1012946180,0.0044376,98425,1765422182562,False
1012946181,0.0044378,1127,1765422182624,False
1012946182,0.0044379,2254,1765422182625,False
1012946183,0.0044380,4846,1765422182625,False
1012946184,0.0044381,53093,1765422182625,False
1012946185,0.0044381,20633,1765422182674,True
1012946186,0.0044380,4050,1765422182682,True
1012946187,0.0044381,79267,1765422182924,False
1012946188,0.0044382,669216,1765422182924,False
1012946189,0.0044384,30534,1765422182929,False
1012946190,0.0044385,53436,1765422182929,False
1012946191,0.0044386,3380,1765422182994,False
1012946192,0.0044388,3379,1765422183013,False
1012946193,0.0044390,4508,1765422183013,False
1012946194,0.0044392,4619,1765422183016,False
1012946195,0.0044393,2252,1765422183016,False
1012946196,0.0044394,4730,1765422183017,False
1012946197,0.0044395,106217,1765422183017,False
1012946198,0.0044396,1127,1765422183084,False
1012946199,0.0044398,1127,1765422183126,False
1012946200,0.0044399,2253,1765422183126,False
1012946201,0.0044400,8335,1765422183162,False
1012946202,0.0044401,2253,1765422183163,False
1012946203,0.0044402,1127,1765422183173,False
1012946204,0.0044403,2253,1765422183173,False
1012946205,0.0044404,5754,1765422183173,False
1012946206,0.0044405,123794,1765422183173,False
1012946207,0.0044406,73975,1765422183178,False
1012946208,0.0044407,254232,1765422183178,False
1012946209,0.0044408,87611,1765422183178,False
1012946210,0.0044409,725666,1765422183186,False
1012946211,0.0044406,296643,1765422183214,True
1012946212,0.0044409,22277,1765422183356,True
1012946213,0.0044405,3717,1765422183416,True
1012946214,0.0044406,277313,1765422183658,False
1012946215,0.0044408,27138,1765422183658,False
1012946216,0.0044410,103393,1765422183658,False
1012946217,0.0044411,4527,1765422183661,False
1012946218,0.0044411,3192,1765422183667,True
1012946219,0.0044412,578303,1765422183725,False
1012946220,0.0044414,2253,1765422183991,False
1012946221,0.0044415,94371,1765422183991,False
1012946222,0.0044415,165042,1765422184029,True
1012946223,0.0044416,3037,1765422184029,False
1012946224,0.0044415,875908,1765422184029,True
1012946225,0.0044414,489337,1765422184029,True
1012946226,0.0044413,288932,1765422184029,True
1012946227,0.0044412,327275,1765422184029,True
1012946228,0.0044411,761459,1765422184029,True
1012946229,0.0044410,760913,1765422184029,True
1012946230,0.0044416,30734,1765422184029,False
1012946231,0.0044417,1149,1765422184029,False
1012946232,0.0044418,3378,1765422184029,False
1012946233,0.0044419,29729,1765422184029,False
1012946234,0.0044420,8438,1765422184029,False
1012946235,0.0044421,4503,1765422184029,False
1012946236,0.0044422,112571,1765422184029,False
1012946237,0.0044410,609779,1765422184029,True
1012946238,0.0044409,40098,1765422184029,True
1012946239,0.0044408,145968,1765422184029,True
1012946240,0.0044407,2252,1765422184029,True
1012946241,0.0044406,22731,1765422184029,True
1012946242,0.0044405,566557,1765422184029,True
1012946243,0.0044404,124673,1765422184029,True
1012946244,0.0044403,88667,1765422184029,True
1012946245,0.0044402,339167,1765422184029,True
1012946246,0.0044401,349842,1765422184029,True
1012946247,0.0044400,686503,1765422184029,True
1012946248,0.0044399,1514669,1765422184029,True
1012946249,0.0044398,1045939,1765422184029,True
1012946250,0.0044397,2964976,1765422184029,True
1012946251,0.0044396,1918889,1765422184029,True
1012946252,0.0044395,1186808,1765422184029,True
1012946253,0.0044394,1479235,1765422184029,True
1012946254,0.0044393,2996227,1765422184029,True
1012946255,0.0044392,1535247,1765422184029,True
1012946256,0.0044391,429558,1765422184029,True
1012946257,0.0044390,952656,1765422184029,True
1012946258,0.0044389,1803171,1765422184029,True
1012946259,0.0044388,2774969,1765422184029,True
1012946260,0.0044387,723925,1765422184029,True
1012946261,0.0044386,789722,1765422184029,True
1012946262,0.0044385,167302,1765422184029,True
1012946263,0.0044384,666790,1765422184029,True
1012946264,0.0044383,3067569,1765422184030,True
1012946265,0.0044382,4724823,1765422184030,True
1012946266,0.0044381,8268280,1765422184030,True
1012946267,0.0044380,1279270,1765422184030,True
1012946268,0.0044379,1383659,1765422184030,True
1012946269,0.0044378,2438344,1765422184030,True
1012946270,0.0044377,850179,1765422184030,True
1012946271,0.0044416,715009,1765422184033,True
1012946272,0.0044415,82306,1765422184033,True
1012946273,0.0044405,449666,1765422184034,False
1012946274,0.0044409,2253,1765422184034,False
1012946275,0.0044413,218542,1765422184034,False
1012946276,0.0044411,23288,1765422184036,True
1012946277,0.0044406,1126,1765422184036,True
1012946278,0.0044403,7079,1765422184036,True
1012946279,0.0044400,1127,1765422184036,True
1012946280,0.0044399,449140,1765422184036,True
1012946281,0.0044398,3608,1765422184036,True
1012946282,0.0044397,1649,1765422184036,True
1012946283,0.0044395,143715,1765422184036,True
1012946284,0.0044394,182802,1765422184036,True
1012946285,0.0044397,131354,1765422184038,False
1012946286,0.0044399,715009,1765422184038,False
1012946287,0.0044401,583655,1765422184038,False
1012946288,0.0044404,716703,1765422184046,False
1012946289,0.0044404,85531,1765422184047,True
1012946290,0.0044403,23323,1765422184047,True
1012946291,0.0044406,33010,1765422184049,False
1012946292,0.0044406,2003,1765422184056,True
1012946293,0.0044408,151126,1765422184062,False
1012946294,0.0044410,7096,1765422184066,False
1012946295,0.0044407,4568,1765422184112,True
1012946296,0.0044408,5497,1765422184121,False
1012946297,0.0044407,53742,1765422184132,True
1012946298,0.0044406,12542,1765422184242,True
1012946299,0.0044405,70945,1765422184263,True
1012946300,0.0044405,661671,1765422184393,True
1012946301,0.0044404,79690,1765422184393,True
1012946302,0.0044403,198691,1765422184393,True
1012946303,0.0044401,5968,1765422184393,True
1012946304,0.0044400,115395,1765422184393,True
1012946305,0.0044399,98853,1765422184393,True
1012946306,0.0044398,46506,1765422184393,True
1012946307,0.0044399,111266,1765422184397,False
1012946308,0.0044401,273814,1765422184414,True
1012946309,0.0044400,117664,1765422184470,True
1012946310,0.0044401,200788,1765422184548,False
1012946311,0.0044402,216863,1765422184551,False
1012946312,0.0044403,1149,1765422184551,False
1012946313,0.0044404,27146,1765422184551,False
1012946314,0.0044405,112557,1765422184551,False
1012946315,0.0044406,36952,1765422184551,False
1012946316,0.0044407,90821,1765422184551,False
1012946317,0.0044404,4383,1765422184569,True
1012946318,0.0044406,1126,1765422184626,False
1012946319,0.0044407,28069,1765422184700,False
1012946320,0.0044408,50085,1765422184700,False
1012946321,0.0044409,68069,1765422184700,False
1012946322,0.0044410,31447,1765422184700,False
1012946323,0.0044411,4505,1765422184700,False
1012946324,0.0044412,348696,1765422184700,False
1012946325,0.0044413,492395,1765422184700,False
1012946326,0.0044414,161688,1765422184706,False
1012946327,0.0044415,185442,1765422184716,False
1012946328,0.0044416,381002,1765422184716,False
1012946329,0.0044417,277941,1765422184725,False
1012946330,0.0044418,60379,1765422184725,False
1012946331,0.0044419,771778,1765422184725,False
1012946332,0.0044420,576166,1765422184727,False
1012946333,0.0044421,1743054,1765422184744,False
1012946334,0.0044422,737791,1765422184755,False
1012946335,0.0044415,129407,1765422184765,True
1012946336,0.0044414,201300,1765422184765,True
1012946337,0.0044423,95536,1765422184787,False
1012946338,0.0044418,1126,1765422184914,False
1012946339,0.0044420,70975,1765422184914,False
1012946340,0.0044421,86808,1765422184914,False
1012946341,0.0044422,449306,1765422184914,False
1012946342,0.0044423,164336,1765422184914,False
1012946343,0.0044419,7929,1765422184977,True
1012946344,0.0044417,7290,1765422184977,True
1012946345,0.0044419,23418,1765422185013,True
1012946346,0.0044417,80127,1765422185013,True
1012946347,0.0044416,10843,1765422185013,True
1012946348,0.0044415,2253,1765422185013,True
1012946349,0.0044413,4842,1765422185013,True
1012946350,0.0044412,104026,1765422185013,True
1012946351,0.0044411,250849,1765422185014,True
1012946352,0.0044410,206422,1765422185014,True
1012946353,0.0044409,99880,1765422185023,True
1012946354,0.0044408,728373,1765422185023,True
1012946355,0.0044407,393843,1765422185023,True
1012946356,0.0044406,307808,1765422185023,True
1012946357,0.0044405,153716,1765422185024,True
1012946358,0.0044404,599779,1765422185024,True
1012946359,0.0044403,9238,1765422185052,True
1012946360,0.0044402,9631,1765422185052,True
1012946361,0.0044401,349538,1765422185052,True
1012946362,0.0044402,356305,1765422185106,False
1012946363,0.0044400,137536,1765422185133,True
1012946364,0.0044399,415863,1765422185133,True
1012946365,0.0044400,1538768,1765422185282,False
1012946366,0.0044401,224059,1765422185282,False
1012946367,0.0044402,1060221,1765422185285,False
1012946368,0.0044403,42487,1765422185286,False
1012946369,0.0044404,81323,1765422185286,False
1012946370,0.0044405,19462,1765422185286,False
1012946371,0.0044406,26542,1765422185293,False
1012946372,0.0044402,112842,1765422185308,True
1012946373,0.0044404,2252,1765422185402,False
1012946374,0.0044405,3717,1765422185402,False
1012946375,0.0044408,58890,1765422185402,False
1012946376,0.0044409,11582,1765422185402,False
1012946377,0.0044408,14161,1765422185419,True
1012946378,0.0044409,15773,1765422185574,True
1012946379,0.0044408,12340,1765422185596,True
1012946380,0.0044408,4339,1765422185710,True
1012946381,0.0044408,208060,1765422185834,True
1012946382,0.0044406,1126,1765422185880,True
1012946383,0.0044405,3716,1765422185882,True
1012946384,0.0044404,28265,1765422185882,True
1012946385,0.0044403,610916,1765422185882,True
1012946386,0.0044402,2253,1765422185885,True
1012946387,0.0044401,12506,1765422185891,True
1012946388,0.0044400,3380,1765422185913,True
1012946389,0.0044399,1183,1765422185938,True
1012946390,0.0044398,2253,1765422185941,True
1012946391,0.0044397,3716,1765422185941,True
1012946392,0.0044395,3380,1765422185946,True
1012946393,0.0044394,1127,1765422185946,True
1012946394,0.0044394,301699,1765422186101,False
1012946395,0.0044396,2468,1765422186111,False
1012946396,0.0044398,4619,1765422186111,False
1012946397,0.0044398,96329,1765422186388,True
1012946398,0.0044397,112731,1765422186388,True
1012946399,0.0044396,118528,1765422186388,True
1012946400,0.0044395,206433,1765422186388,True
1012946401,0.0044394,307766,1765422186388,True
1012946402,0.0044393,187700,1765422186388,True
1012946403,0.0044392,1239,1765422186388,True
1012946404,0.0044391,88666,1765422186388,True
1012946405,0.0044389,143670,1765422186388,True
1012946406,0.0044395,343886,1765422186449,False
1012946407,0.0044396,25933,1765422186450,False
1012946408,0.0044395,9006,1765422186472,True
1012946409,0.0044394,1127,1765422186586,True
1012946410,0.0044393,2253,1765422186589,True
1012946411,0.0044390,2253,1765422186601,True
1012946412,0.0044390,296197,1765422186782,False
1012946413,0.0044391,191497,1765422186872,False
1012946414,0.0044392,305263,1765422186872,False
1012946415,0.0044389,30438,1765422186957,True
1012946416,0.0044390,141845,1765422186980,False
1012946417,0.0044389,39991,1765422187029,True
1012946418,0.0044388,8990,1765422187029,True
1012946419,0.0044387,28278,1765422187029,True
1012946420,0.0044385,5969,1765422187029,True
1012946421,0.0044383,9677,1765422187029,True
1012946422,0.0044384,123223,1765422187034,False
1012946423,0.0044386,27153,1765422187034,False
1012946424,0.0044388,16017,1765422187037,False
1012946425,0.0044390,5249,1765422187044,False
1012946426,0.0044390,13735,1765422187216,False
1012946427,0.0044392,54368,1765422187218,False
1012946428,0.0044393,150000,1765422187218,False
1012946429,0.0044394,165194,1765422187223,False
1012946430,0.0044395,168573,1765422187223,False
1012946431,0.0044396,472155,1765422187225,False
1012946432,0.0044397,17952,1765422187226,False
1012946433,0.0044398,99327,1765422187226,False
1012946434,0.0044399,401865,1765422187226,False
1012946435,0.0044400,733259,1765422187226,False
1012946436,0.0044401,120331,1765422187229,False
1012946437,0.0044402,269680,1765422187229,False
1012946438,0.0044403,752060,1765422187229,False
1012946439,0.0044404,668861,1765422187229,False
1012946440,0.0044405,100259,1765422187239,False
1012946441,0.0044406,754898,1765422187239,False
1012946442,0.0044401,96501,1765422187258,False
1012946443,0.0044406,20558,1765422187258,False
1012946444,0.0044407,610118,1765422187258,False
1012946445,0.0044403,1333,1765422187281,False
1012946446,0.0044405,1355,1765422187281,False
1012946447,0.0044406,14347,1765422187281,False
1012946448,0.0044408,520238,1765422187305,False
1012946449,0.0044404,1127,1765422187309,False
1012946450,0.0044405,13835,1765422187420,False
1012946451,0.0044408,2365,1765422187481,False
1012946452,0.0044408,3891,1765422187510,True
1012946453,0.0044408,20460,1765422187628,True
1012946454,0.0044408,27684,1765422187760,True
1012946455,0.0044409,52392,1765422187835,False
1012946456,0.0044409,7886,1765422187939,False
1012946457,0.0044408,1800,1765422188030,True
1012946458,0.0044409,39000,1765422188661,False
1012946459,0.0044409,173845,1765422188733,True
1012946460,0.0044410,11597,1765422188902,False
1012946461,0.0044411,4902,1765422189019,True
1012946462,0.0044412,1126,1765422189022,False
1012946463,0.0044414,4617,1765422189147,False
1012946464,0.0044415,56149,1765422189152,False
1012946465,0.0044416,2365,1765422189190,False
1012946466,0.0044417,1127,1765422189202,False
1012946467,0.0044418,19152,1765422189204,False
1012946468,0.0044419,2918,1765422189345,True
1012946469,0.0044420,2365,1765422189347,False
1012946470,0.0044421,183442,1765422189367,True
1012946471,0.0044421,178397,1765422189389,False
1012946472,0.0044420,440813,1765422189429,True
1012946473,0.0044419,225133,1765422189579,True
1012946474,0.0044420,45578,1765422189752,False
1012946475,0.0044422,3379,1765422189754,False
1012946476,0.0044422,152500,1765422189789,True
1012946169,0.0044380,6197,1765422181766,False
1012946170,0.0044381,28749,1765422181767,False
1012946171,0.0044382,9278,1765422181789,False
1012946172,0.0044381,71267,1765422181844,True
1012946173,0.0044377,11848,1765422181862,True
1012946174,0.0044376,52992,1765422181862,True
1012946175,0.0044375,39180,1765422181862,True
1012946176,0.0044374,379808,1765422181866,True
1012946177,0.0044374,48625,1765422182009,False
1012946178,0.0044376,93855,1765422182009,False
1012946179,0.0044376,1951,1765422182279,False
1012946180,0.0044376,98425,1765422182562,False
1012946181,0.0044378,1127,1765422182624,False
1012946182,0.0044379,2254,1765422182625,False
1012946183,0.0044380,4846,1765422182625,False
1012946184,0.0044381,53093,1765422182625,False
1012946185,0.0044381,20633,1765422182674,True
1012946186,0.0044380,4050,1765422182682,True
1012946187,0.0044381,79267,1765422182924,False
1012946188,0.0044382,669216,1765422182924,False
1012946189,0.0044384,30534,1765422182929,False
1012946190,0.0044385,53436,1765422182929,False
1012946191,0.0044386,3380,1765422182994,False
1012946192,0.0044388,3379,1765422183013,False
1012946193,0.0044390,4508,1765422183013,False
1012946194,0.0044392,4619,1765422183016,False
1012946195,0.0044393,2252,1765422183016,False
1012946196,0.0044394,4730,1765422183017,False
1012946197,0.0044395,106217,1765422183017,False
1012946198,0.0044396,1127,1765422183084,False
1012946199,0.0044398,1127,1765422183126,False
1012946200,0.0044399,2253,1765422183126,False
1012946201,0.0044400,8335,1765422183162,False
1012946202,0.0044401,2253,1765422183163,False
1012946203,0.0044402,1127,1765422183173,False
1012946204,0.0044403,2253,1765422183173,False
1012946205,0.0044404,5754,1765422183173,False
1012946206,0.0044405,123794,1765422183173,False
1012946207,0.0044406,73975,1765422183178,False
1012946208,0.0044407,254232,1765422183178,False
1012946209,0.0044408,87611,1765422183178,False
1012946210,0.0044409,725666,1765422183186,False
1012946211,0.0044406,296643,1765422183214,True
1012946212,0.0044409,22277,1765422183356,True
1012946213,0.0044405,3717,1765422183416,True
1012946214,0.0044406,277313,1765422183658,False
1012946215,0.0044408,27138,1765422183658,False
1012946216,0.0044410,103393,1765422183658,False
1012946217,0.0044411,4527,1765422183661,False
1012946218,0.0044411,3192,1765422183667,True
1012946219,0.0044412,578303,1765422183725,False
1012946220,0.0044414,2253,1765422183991,False
1012946221,0.0044415,94371,1765422183991,False
1012946222,0.0044415,165042,1765422184029,True
1012946223,0.0044416,3037,1765422184029,False
1012946224,0.0044415,875908,1765422184029,True
1012946225,0.0044414,489337,1765422184029,True
1012946226,0.0044413,288932,1765422184029,True
1012946227,0.0044412,327275,1765422184029,True
1012946228,0.0044411,761459,1765422184029,True
1012946229,0.0044410,760913,1765422184029,True
1012946230,0.0044416,30734,1765422184029,False
1012946231,0.0044417,1149,1765422184029,False
1012946232,0.0044418,3378,1765422184029,False
1012946233,0.0044419,29729,1765422184029,False
1012946234,0.0044420,8438,1765422184029,False
1012946235,0.0044421,4503,1765422184029,False
1012946236,0.0044422,112571,1765422184029,False
1012946237,0.0044410,609779,1765422184029,True
1012946238,0.0044409,40098,1765422184029,True
1012946239,0.0044408,145968,1765422184029,True
1012946240,0.0044407,2252,1765422184029,True
1012946241,0.0044406,22731,1765422184029,True
1012946242,0.0044405,566557,1765422184029,True
1012946243,0.0044404,124673,1765422184029,True
1012946244,0.0044403,88667,1765422184029,True
1012946245,0.0044402,339167,1765422184029,True
1012946246,0.0044401,349842,1765422184029,True
1012946247,0.0044400,686503,1765422184029,True
1012946248,0.0044399,1514669,1765422184029,True
1012946249,0.0044398,1045939,1765422184029,True
1012946250,0.0044397,2964976,1765422184029,True
1012946251,0.0044396,1918889,1765422184029,True
1012946252,0.0044395,1186808,1765422184029,True
1012946253,0.0044394,1479235,1765422184029,True
1012946254,0.0044393,2996227,1765422184029,True
1012946255,0.0044392,1535247,1765422184029,True
1012946256,0.0044391,429558,1765422184029,True
1012946257,0.0044390,952656,1765422184029,True
1012946258,0.0044389,1803171,1765422184029,True
1012946259,0.0044388,2774969,1765422184029,True
1012946260,0.0044387,723925,1765422184029,True
1012946261,0.0044386,789722,1765422184029,True
1012946262,0.0044385,167302,1765422184029,True
1012946263,0.0044384,666790,1765422184029,True
1012946264,0.0044383,3067569,1765422184030,True
1012946265,0.0044382,4724823,1765422184030,True
1012946266,0.0044381,8268280,1765422184030,True
1012946267,0.0044380,1279270,1765422184030,True
1012946268,0.0044379,1383659,1765422184030,True
1012946269,0.0044378,2438344,1765422184030,True
1012946270,0.0044377,850179,1765422184030,True
1012946271,0.0044416,715009,1765422184033,True
1012946272,0.0044415,82306,1765422184033,True
1012946273,0.0044405,449666,1765422184034,False
1012946274,0.0044409,2253,1765422184034,False
1012946275,0.0044413,218542,1765422184034,False
1012946276,0.0044411,23288,1765422184036,True
1012946277,0.0044406,1126,1765422184036,True
1012946278,0.0044403,7079,1765422184036,True
1012946279,0.0044400,1127,1765422184036,True
1012946280,0.0044399,449140,1765422184036,True
1012946281,0.0044398,3608,1765422184036,True
1012946282,0.0044397,1649,1765422184036,True
1012946283,0.0044395,143715,1765422184036,True
1012946284,0.0044394,182802,1765422184036,True
1012946285,0.0044397,131354,1765422184038,False
