TradeID,Price,Quantity,Timestamp,Is_Sell_Order
3007977209,89941.00,0.002,1765422100377,True
3007977210,89941.10,0.050,1765422100515,False
3007977211,89941.00,0.027,1765422100545,True
3007977212,89941.00,0.018,1765422100739,True
3007977213,89941.10,0.011,1765422100869,False
3007977214,89941.10,0.111,1765422100996,False
3007977215,89941.00,0.002,1765422101210,True
3007977216,89941.00,0.006,1765422101385,True
3007977217,89941.00,0.084,1765422101589,True
3007977218,89940.90,0.002,1765422101589,True
3007977219,89940.80,0.052,1765422101589,True
3007977220,89940.60,0.003,1765422101590,True
3007977221,89940.10,0.003,1765422101590,True
3007977222,89939.60,0.058,1765422101590,True
3007977223,89939.00,0.005,1765422101590,True
3007977224,89938.90,0.003,1765422101590,True
3007977225,89938.80,0.011,1765422101590,True
3007977226,89938.40,0.002,1765422101591,True
3007977227,89938.30,0.003,1765422101591,True
3007977228,89938.10,0.003,1765422101591,True
3007977229,89937.80,0.003,1765422101591,True
3007977230,89937.30,0.003,1765422101591,True
3007977231,89937.20,0.005,1765422101591,True
3007977232,89937.10,0.018,1765422101591,True
3007977233,89937.00,0.026,1765422101591,True
3007977234,89936.80,0.003,1765422101594,True
3007977235,89936.40,0.003,1765422101594,True
3007977236,89935.80,0.002,1765422101594,True
3007977237,89935.70,0.003,1765422101597,True
3007977238,89935.10,0.002,1765422101598,True
3007977239,89935.00,0.002,1765422101606,True
3007977240,89934.90,0.003,1765422101606,True
3007977241,89934.70,0.003,1765422101606,True
3007977242,89934.20,0.005,1765422101625,True
3007977243,89934.10,0.002,1765422101625,True
3007977244,89933.60,0.003,1765422101625,True
3007977245,89933.20,0.002,1765422101625,True
3007977246,89933.00,0.003,1765422101637,True
3007977247,89932.50,0.003,1765422101637,True
3007977248,89932.20,0.766,1765422101846,True
3007977249,89932.10,0.004,1765422101927,True
3007977250,89932.10,0.003,1765422102272,False
3007977251,89932.10,0.119,1765422102472,False
3007977252,89932.00,0.022,1765422102587,True
3007977253,89932.10,0.002,1765422102632,False
3007977254,89932.00,0.004,1765422102653,True
3007977255,89932.10,0.003,1765422102655,False
3007977256,89932.00,0.001,1765422102751,True
3007977257,89932.00,0.529,1765422102964,True
3007977258,89932.10,0.008,1765422103058,False
3007977259,89932.00,0.022,1765422103182,True
3007977260,89932.00,0.045,1765422103988,True
3007977261,89932.10,0.033,1765422104013,False
3007977262,89932.00,0.002,1765422104093,True
3007977263,89932.00,0.055,1765422104240,True
3007977264,89932.10,0.022,1765422104243,False
3007977265,89932.10,0.053,1765422104680,False
3007977266,89932.00,0.012,1765422104978,True
3007977267,89932.10,0.009,1765422105004,False
3007977268,89932.00,0.004,1765422105331,True
3007977269,89932.00,0.003,1765422105752,True
3007977270,89932.10,0.002,1765422105781,False
3007977271,89932.00,0.067,1765422105865,True
3007977272,89932.00,1.566,1765422105997,True
3007977273,89931.90,0.099,1765422105998,True
3007977274,89931.50,0.005,1765422105998,True
3007977275,89931.00,0.003,1765422105998,True
3007977276,89930.90,0.003,1765422105998,True
3007977277,89930.60,0.186,1765422105998,True
3007977278,89930.50,0.013,1765422105998,True
3007977279,89930.40,0.052,1765422105998,True
3007977280,89930.20,0.052,1765422105998,True
3007977281,89930.10,0.003,1765422105998,True
3007977282,89930.00,0.209,1765422105998,True
3007977283,89929.90,0.003,1765422106004,True
3007977284,89929.40,0.117,1765422106007,True
3007977285,89929.20,0.002,1765422106008,True
3007977286,89929.10,0.002,1765422106008,True
3007977287,89928.90,0.008,1765422106008,True
3007977288,89928.40,0.006,1765422106010,True
3007977289,89928.30,0.003,1765422106010,True
3007977290,89928.20,0.002,1765422106033,True
3007977291,89928.10,0.133,1765422106033,True
3007977292,89928.00,0.002,1765422106033,True
3007977293,89927.90,0.163,1765422106033,True
3007977294,89927.60,0.002,1765422106035,True
3007977295,89927.40,0.005,1765422106035,True
3007977296,89927.10,1.002,1765422106037,True
3007977297,89927.00,0.234,1765422106048,True
3007977298,89926.90,0.010,1765422106048,True
3007977299,89926.40,0.003,1765422106048,True
3007977300,89926.30,0.005,1765422106048,True
3007977301,89926.20,0.002,1765422106048,True
3007977302,89926.10,0.003,1765422106048,True
3007977303,89925.90,0.003,1765422106048,True
3007977304,89925.60,0.013,1765422106048,True
3007977305,89925.40,0.005,1765422106048,True
3007977306,89925.30,0.003,1765422106048,True
3007977307,89925.00,0.004,1765422106048,True
3007977308,89924.90,0.005,1765422106048,True
3007977309,89924.80,0.022,1765422106048,True
3007977310,89924.70,0.002,1765422106048,True
3007977311,89924.60,0.033,1765422106048,True
3007977312,89924.50,0.005,1765422106048,True
3007977313,89924.40,0.005,1765422106048,True
3007977314,89924.20,0.003,1765422106048,True
3007977315,89924.10,0.002,1765422106048,True
3007977316,89923.90,0.003,1765422106048,True
3007977317,89923.70,0.005,1765422106061,True
3007977318,89923.60,0.003,1765422106099,True
3007977319,89923.40,0.003,1765422106099,True
3007977320,89923.30,0.002,1765422106099,True
3007977321,89923.00,0.002,1765422106190,True
3007977322,89923.00,0.004,1765422106338,True
3007977323,89923.00,0.010,1765422106478,True
3007977324,89923.00,0.027,1765422106685,True
3007977325,89923.10,0.226,1765422106687,False
3007977326,89923.00,0.358,1765422106739,True
3007977327,89923.10,0.035,1765422106891,False
3007977328,89923.00,0.009,1765422107031,True
3007977329,89923.10,0.005,1765422107054,False
3007977330,89923.00,0.004,1765422107145,True
3007977331,89923.00,0.022,1765422107466,True
3007977332,89922.90,0.005,1765422107466,True
3007977333,89922.60,0.015,1765422107467,True
3007977334,89922.40,0.003,1765422107468,True
3007977335,89922.20,0.002,1765422107468,True
3007977336,89922.00,0.002,1765422107468,True
3007977337,89921.90,0.003,1765422107468,True
3007977338,89921.80,0.031,1765422107468,True
3007977339,89921.40,0.003,1765422107468,True
3007977340,89921.20,0.003,1765422107468,True
3007977341,89920.90,0.003,1765422107468,True
3007977342,89920.80,0.002,1765422107468,True
3007977343,89920.70,0.006,1765422107468,True
3007977344,89920.60,0.003,1765422107493,True
3007977345,89920.40,0.003,1765422107509,True
3007977346,89920.20,0.002,1765422107509,True
3007977347,89920.00,0.002,1765422107509,True
3007977348,89919.90,0.003,1765422107509,True
3007977349,89919.70,0.012,1765422107531,True
3007977350,89919.50,0.003,1765422107544,True
3007977351,89919.40,0.006,1765422107544,True
3007977352,89919.30,0.003,1765422107544,True
3007977353,89919.20,0.002,1765422107544,True
3007977354,89919.00,0.055,1765422107546,True
3007977355,89918.90,0.003,1765422107546,True
3007977356,89918.80,0.050,1765422107546,True
3007977357,89918.40,0.003,1765422107546,True
3007977358,89918.10,0.007,1765422107546,True
3007977359,89917.90,0.003,1765422107546,True
3007977360,89917.40,0.003,1765422107546,True
3007977361,89916.90,0.005,1765422107546,True
3007977362,89916.80,0.002,1765422107546,True
3007977363,89916.40,0.007,1765422107546,True
3007977364,89916.20,0.002,1765422107546,True
3007977365,89916.10,0.003,1765422107546,True
3007977366,89915.90,0.003,1765422107546,True
3007977367,89915.70,0.005,1765422107546,True
3007977368,89915.50,0.004,1765422107546,True
3007977369,89915.40,0.003,1765422107546,True
3007977370,89915.30,0.002,1765422107546,True
3007977371,89915.00,0.002,1765422107546,True
3007977372,89914.90,0.006,1765422107546,True
3007977373,89914.80,0.002,1765422107546,True
3007977374,89914.70,0.090,1765422107546,True
3007977375,89914.50,0.370,1765422107555,True
3007977376,89914.50,0.001,1765422108129,True
3007977377,89914.50,0.005,1765422108289,True
3007977378,89914.60,0.052,1765422108556,False
3007977379,89914.60,0.004,1765422108776,False
3007977380,89914.50,0.003,1765422108844,True
3007977381,89914.60,0.102,1765422108855,False
3007977382,89914.50,0.110,1765422109031,True
3007977383,89914.60,0.012,1765422109423,False
3007977384,89914.50,0.014,1765422109563,True
3007977385,89914.60,0.007,1765422109823,False
3007977386,89914.60,0.018,1765422109946,False
3007977387,89914.50,0.039,1765422110186,True
3007977388,89914.60,0.069,1765422110315,False
3007977389,89914.50,0.111,1765422110443,True
3007977390,89914.60,0.050,1765422110529,False
3007977391,89914.60,0.034,1765422111131,False
3007977392,89914.50,0.323,1765422111274,True
3007977393,89914.50,0.489,1765422111381,True
3007977394,89914.40,0.005,1765422111381,True
3007977395,89914.30,0.064,1765422111381,True
3007977396,89914.20,0.018,1765422111381,True
3007977397,89914.00,0.005,1765422111385,True
3007977398,89913.90,0.003,1765422111385,True
3007977399,89913.80,0.002,1765422111385,True
3007977400,89913.70,0.002,1765422111385,True
3007977401,89913.60,0.002,1765422111385,True
3007977402,89913.40,0.003,1765422111385,True
3007977403,89913.10,0.026,1765422111392,True
3007977404,89912.90,0.003,1765422111394,True
3007977405,89912.50,0.003,1765422111394,True
3007977406,89912.40,0.003,1765422111394,True
3007977407,89912.30,0.002,1765422111394,True
3007977408,89912.00,0.002,1765422111394,True
3007977409,89911.90,0.003,1765422111394,True
3007977410,89911.70,0.003,1765422111394,True
3007977411,89911.60,0.033,1765422111399,True
3007977412,89911.40,0.006,1765422111401,True
3007977413,89911.10,0.002,1765422111401,True
3007977414,89911.00,0.002,1765422111401,True
3007977415,89910.90,0.003,1765422111401,True
3007977416,89910.80,0.002,1765422111402,True
3007977417,89910.40,0.003,1765422111402,True
3007977418,89910.10,0.024,1765422111405,True
3007977419,89910.20,0.038,1765422111495,False
3007977420,89910.10,0.012,1765422111602,True
3007977421,89910.00,0.075,1765422111623,True
3007977422,89909.90,0.003,1765422111625,True
3007977423,89909.60,0.038,1765422111628,True
3007977424,89909.60,0.079,1765422111708,False
3007977425,89909.60,0.016,1765422111812,False
3007977426,89909.50,0.002,1765422111842,True
3007977427,89909.50,0.070,1765422112025,True
3007977428,89909.60,0.053,1765422112086,False
3007977429,89909.50,0.022,1765422112199,True
3007977430,89909.50,0.202,1765422112510,True
3007977431,89909.40,0.005,1765422112510,True
3007977432,89909.30,0.002,1765422112510,True
3007977433,89909.20,0.002,1765422112510,True
3007977434,89909.00,0.005,1765422112510,True
3007977435,89908.90,0.003,1765422112510,True
3007977436,89908.50,0.005,1765422112510,True
3007977437,89908.40,0.005,1765422112510,True
3007977438,89908.00,0.052,1765422112510,True
3007977439,89907.90,0.003,1765422112510,True
3007977440,89907.80,0.050,1765422112510,True
3007977441,89907.70,0.003,1765422112510,True
3007977442,89907.40,0.005,1765422112510,True
3007977443,89907.30,0.002,1765422112510,True
3007977444,89907.10,0.040,1765422112510,True
3007977445,89907.00,0.002,1765422112510,True
3007977446,89906.90,0.006,1765422112510,True
3007977447,89906.80,0.005,1765422112510,True
3007977448,89906.60,0.045,1765422112510,True
3007977449,89906.70,0.020,1765422112706,False
3007977450,89906.60,0.086,1765422112717,True
3007977451,89906.60,0.015,1765422112837,True
3007977452,89906.50,0.006,1765422112837,True
3007977453,89906.40,0.099,1765422112868,True
3007977454,89906.40,2.920,1765422113015,True
3007977455,89906.30,0.004,1765422113015,True
3007977456,89905.90,0.003,1765422113015,True
3007977457,89905.40,0.003,1765422113015,True
3007977458,89905.30,0.011,1765422113015,True
3007977459,89905.20,0.002,1765422113015,True
3007977460,89905.10,0.077,1765422113015,True
3007977461,89904.90,0.008,1765422113015,True
3007977462,89904.70,0.002,1765422113015,True
3007977463,89904.60,0.002,1765422113015,True
3007977464,89904.50,0.005,1765422113015,True
3007977465,89904.40,0.003,1765422113015,True
3007977466,89904.30,0.003,1765422113015,True
3007977467,89903.90,0.003,1765422113015,True
3007977468,89903.50,0.003,1765422113015,True
3007977469,89903.40,0.003,1765422113015,True
3007977470,89903.20,0.004,1765422113015,True
3007977471,89903.00,0.002,1765422113015,True
3007977472,89902.90,0.003,1765422113015,True
3007977473,89902.80,0.002,1765422113015,True
3007977474,89902.60,0.017,1765422113015,True
3007977475,89902.50,0.004,1765422113015,True
3007977476,89902.40,0.007,1765422113015,True
3007977477,89902.10,0.002,1765422113016,True
3007977478,89901.90,0.007,1765422113016,True
3007977479,89901.80,0.003,1765422113016,True
3007977480,89901.70,0.031,1765422113016,True
3007977481,89901.60,0.281,1765422113016,True
3007977482,89901.50,0.112,1765422113016,True
3007977483,89901.40,0.003,1765422113016,True
3007977484,89901.30,0.002,1765422113016,True
3007977485,89901.10,0.012,1765422113016,True
3007977486,89901.00,0.066,1765422113016,True
3007977487,89900.90,0.005,1765422113016,True
3007977488,89900.80,0.004,1765422113016,True
3007977489,89900.70,0.017,1765422113016,True
3007977490,89900.60,0.456,1765422113016,True
3007977491,89900.50,0.002,1765422113016,True
3007977492,89900.40,0.003,1765422113016,True
3007977493,89900.20,0.002,1765422113016,True
3007977494,89900.10,0.675,1765422113016,True
3007977495,89900.00,1.827,1765422113016,True
3007977496,89899.90,0.008,1765422113016,True
3007977497,89899.70,0.015,1765422113016,True
3007977498,89899.60,0.009,1765422113016,True
3007977499,89899.40,0.009,1765422113016,True
3007977500,89899.30,0.011,1765422113016,True
3007977501,89899.20,0.002,1765422113016,True
3007977502,89899.10,0.022,1765422113016,True
3007977503,89899.00,0.341,1765422113016,True
3007977504,89898.90,0.336,1765422113016,True
3007977505,89898.60,0.002,1765422113016,True
3007977506,89898.50,0.011,1765422113016,True
3007977507,89898.40,0.003,1765422113016,True
3007977508,89898.20,0.014,1765422113016,True
3007977509,89898.10,0.036,1765422113016,True
3007977510,89898.00,0.127,1765422113016,True
3007977511,89897.90,0.048,1765422113016,True
3007977512,89897.80,0.008,1765422113016,True
3007977513,89897.60,0.031,1765422113016,True
3007977514,89897.50,0.004,1765422113016,True
3007977515,89897.40,0.176,1765422113016,True
3007977516,89897.30,0.112,1765422113016,True
3007977517,89897.20,0.146,1765422113016,True
3007977518,89897.10,0.093,1765422113016,True
3007977519,89897.00,0.099,1765422113016,True
3007977520,89896.90,0.003,1765422113016,True
3007977521,89896.80,0.014,1765422113016,True
3007977522,89896.70,0.002,1765422113016,True
3007977523,89896.50,0.004,1765422113016,True
3007977524,89896.40,0.175,1765422113016,True
3007977525,89896.30,0.041,1765422113016,True
3007977526,89896.20,0.294,1765422113016,True
3007977527,89896.10,1.158,1765422113016,True
3007977528,89896.00,0.029,1765422113016,True
3007977529,89895.90,0.005,1765422113016,True
3007977530,89895.80,0.005,1765422113016,True
3007977531,89895.70,0.003,1765422113016,True
3007977532,89895.60,0.361,1765422113016,True
3007977533,89895.50,0.134,1765422113016,True
3007977534,89895.40,0.005,1765422113016,True
3007977535,89895.20,0.002,1765422113016,True
3007977536,89895.10,0.134,1765422113016,True
3007977537,89895.00,0.004,1765422113016,True
3007977538,89894.90,0.009,1765422113016,True
3007977539,89894.80,0.153,1765422113016,True
3007977540,89894.70,0.010,1765422113016,True
3007977541,89894.40,0.003,1765422113016,True
3007977542,89894.30,0.002,1765422113016,True
3007977543,89894.10,0.005,1765422113016,True
3007977544,89894.00,0.120,1765422113016,True
3007977545,89893.90,0.005,1765422113016,True
3007977546,89893.80,0.004,1765422113016,True
3007977547,89893.70,0.002,1765422113016,True
3007977548,89893.60,0.035,1765422113016,True
3007977549,89893.50,0.156,1765422113016,True
3007977550,89893.40,0.003,1765422113016,True
3007977551,89893.30,0.007,1765422113016,True
3007977552,89893.20,0.058,1765422113016,True
3007977553,89893.00,0.153,1765422113016,True
3007977554,89892.90,0.005,1765422113016,True
3007977555,89892.80,0.005,1765422113016,True
3007977556,89892.70,0.003,1765422113016,True
3007977557,89892.60,0.002,1765422113016,True
3007977558,89892.40,0.003,1765422113016,True
3007977559,89892.30,1.118,1765422113016,True
3007977560,89892.20,0.098,1765422113016,True
3007977561,89892.10,0.140,1765422113016,True
3007977562,89892.00,0.004,1765422113016,True
3007977563,89891.90,0.176,1765422113016,True
3007977564,89891.80,0.012,1765422113016,True
3007977565,89891.50,0.005,1765422113016,True
3007977566,89891.40,0.005,1765422113016,True
3007977567,89891.30,0.002,1765422113016,True
3007977568,89891.20,0.006,1765422113016,True
3007977569,89891.10,0.002,1765422113016,True
3007977570,89890.90,0.010,1765422113016,True
3007977571,89890.80,0.112,1765422113016,True
3007977572,89890.60,0.004,1765422113016,True
3007977573,89890.40,0.006,1765422113016,True
3007977574,89890.20,0.002,1765422113016,True
3007977575,89890.10,0.007,1765422113016,True
3007977576,89890.00,0.073,1765422113016,True
3007977577,89889.90,0.009,1765422113016,True
3007977578,89889.80,0.006,1765422113016,True
3007977579,89889.70,0.130,1765422113016,True
3007977580,89889.40,0.009,1765422113016,True
3007977581,89889.30,0.008,1765422113016,True
3007977582,89889.20,0.624,1765422113016,True
3007977583,89889.10,0.218,1765422113016,True
3007977584,89888.90,0.010,1765422113016,True
3007977585,89888.80,0.011,1765422113016,True
3007977586,89888.70,0.002,1765422113016,True
3007977587,89888.60,0.113,1765422113016,True
3007977588,89888.50,0.033,1765422113016,True
3007977589,89888.40,0.033,1765422113016,True
3007977590,89888.20,0.671,1765422113016,True
3007977591,89888.10,0.002,1765422113018,True
3007977592,89888.30,0.012,1765422113030,False
3007977593,89888.20,0.036,1765422113105,True
3007977594,89888.20,0.014,1765422113276,True
3007977595,89888.20,2.516,1765422113554,True
3007977596,89888.20,0.026,1765422113789,True
3007977597,89888.20,0.096,1765422113892,True
3007977598,89888.20,0.002,1765422114061,True
3007977599,89888.20,0.002,1765422114191,True
3007977600,89888.20,0.152,1765422114350,True
3007977601,89888.30,0.004,1765422114441,False
3007977602,89888.20,0.017,1765422114445,True
3007977603,89888.30,0.010,1765422114570,False
3007977604,89888.20,0.483,1765422114759,True
3007977605,89888.20,0.120,1765422114864,True
3007977606,89888.20,0.199,1765422115332,True
3007977607,89888.30,0.002,1765422115424,False
3007977608,89888.30,0.005,1765422115819,False
3007977609,89888.30,0.168,1765422115929,False
3007977610,89888.20,0.002,1765422115932,True
3007977611,89888.30,0.005,1765422116031,False
3007977612,89888.30,0.045,1765422116143,False
3007977613,89888.20,0.002,1765422116247,True
3007977614,89888.20,0.005,1765422116435,True
3007977615,89888.20,0.004,1765422116546,True
3007977616,89888.20,0.022,1765422116672,True
3007977617,89888.30,0.003,1765422116705,False
3007977618,89888.20,0.010,1765422116780,True
3007977619,89888.30,0.027,1765422117029,False
3007977620,89888.20,0.103,1765422117205,True
3007977621,89888.30,0.011,1765422117305,False
3007977622,89888.30,0.013,1765422117477,False
3007977623,89888.20,0.012,1765422117566,True
3007977624,89888.20,0.068,1765422117681,True
3007977625,89888.30,0.022,1765422118017,False
3007977626,89888.20,0.002,1765422118024,True
3007977627,89888.20,0.020,1765422118319,True
3007977628,89888.20,0.137,1765422119051,True
3007977629,89888.20,0.006,1765422119317,True
3007977630,89888.30,0.010,1765422119342,False
3007977631,89888.30,0.030,1765422119475,False
3007977632,89888.20,0.207,1765422119547,True
3007977633,89888.20,0.028,1765422119670,True
3007977634,89888.20,0.119,1765422119812,True
3007977635,89888.30,1.426,1765422119832,False
3007977636,89888.20,0.021,1765422119850,True
3007977637,89888.30,2.220,1765422119869,False
3007977638,89888.40,0.239,1765422119927,False
3007977639,89888.50,0.179,1765422119927,False
3007977640,89888.80,0.003,1765422119927,False
3007977641,89889.20,0.004,1765422119927,False
3007977642,89889.30,0.025,1765422119927,False
3007977643,89889.80,0.003,1765422119927,False
3007977644,89890.10,0.006,1765422119927,False
3007977645,89890.20,0.011,1765422119927,False
3007977646,89890.30,0.003,1765422119927,False
3007977647,89890.40,0.003,1765422119927,False
3007977648,89890.50,0.006,1765422119927,False
3007977649,89890.80,0.003,1765422119927,False
3007977650,89890.90,0.003,1765422119927,False
3007977651,89891.00,0.002,1765422119927,False
3007977652,89891.10,0.002,1765422119927,False
3007977653,89891.20,0.003,1765422119927,False
3007977654,89891.30,0.005,1765422119927,False
3007977655,89891.40,0.002,1765422119927,False
3007977656,89891.80,0.003,1765422119927,False
3007977657,89891.90,0.012,1765422119927,False
3007977658,89892.00,0.007,1765422119927,False
3007977659,89892.30,0.005,1765422119927,False
3007977660,89892.70,0.002,1765422119927,False
3007977661,89892.80,0.008,1765422119927,False
3007977662,89892.90,0.002,1765422119927,False
3007977663,89893.20,0.043,1765422119927,False
3007977664,89893.30,0.015,1765422119927,False
3007977665,89893.50,0.002,1765422119927,False
3007977666,89893.70,0.004,1765422119927,False
3007977667,89893.80,0.029,1765422119927,False
3007977668,89893.90,0.002,1765422119927,False
3007977669,89894.00,0.007,1765422119927,False
3007977670,89894.20,0.003,1765422119927,False
3007977671,89894.30,0.002,1765422119927,False
3007977672,89894.60,0.008,1765422119927,False
3007977673,89894.70,0.020,1765422119927,False
3007977674,89894.80,0.006,1765422119927,False
3007977675,89894.90,0.003,1765422119927,False
3007977676,89895.00,0.009,1765422119927,False
3007977677,89895.10,0.003,1765422119927,False
3007977678,89895.20,0.006,1765422119927,False
3007977679,89895.30,0.005,1765422119927,False
3007977680,89895.40,0.115,1765422119927,False
3007977681,89895.50,0.008,1765422119927,False
3007977682,89895.60,0.005,1765422119927,False
3007977683,89896.00,0.006,1765422119927,False
3007977684,89896.20,0.012,1765422119928,False
3007977685,89896.40,0.100,1765422119928,False
3007977686,89896.50,0.009,1765422119928,False
3007977687,89896.60,0.004,1765422119928,False
3007977688,89896.80,0.117,1765422119928,False
3007977689,89897.00,0.005,1765422119928,False
3007977690,89897.10,1.003,1765422119928,False
3007977691,89897.40,0.004,1765422119928,False
3007977692,89897.50,0.003,1765422119928,False
3007977693,89897.60,0.003,1765422119928,False
3007977694,89897.70,0.012,1765422119928,False
3007977695,89897.90,0.116,1765422119928,False
3007977696,89898.00,0.003,1765422119928,False
3007977697,89898.10,0.005,1765422119928,False
3007977698,89898.30,0.066,1765422119928,False
3007977699,89898.40,0.003,1765422119928,False
3007977700,89898.50,0.003,1765422119928,False
3007977701,89898.60,0.003,1765422119928,False
3007977702,89898.80,0.002,1765422119928,False
3007977703,89898.90,0.002,1765422119928,False
3007977704,89899.00,0.002,1765422119928,False
3007977705,89899.10,0.112,1765422119928,False
3007977706,89899.20,0.047,1765422119928,False
3007977707,89899.30,0.007,1765422119928,False
3007977708,89899.50,0.002,1765422119928,False
3007977709,89899.60,0.002,1765422119928,False
3007977710,89899.80,0.003,1765422119928,False
3007977711,89899.90,0.002,1765422119928,False
3007977712,89900.00,0.005,1765422119928,False
3007977713,89900.20,0.122,1765422119928,False
3007977714,89900.30,0.005,1765422119928,False
3007977715,89900.50,0.002,1765422119928,False
3007977716,89900.60,0.004,1765422119928,False
3007977717,89900.70,0.003,1765422119928,False
3007977718,89900.80,0.006,1765422119928,False
3007977719,89900.90,0.003,1765422119928,False
3007977720,89901.00,0.002,1765422119928,False
3007977721,89901.30,0.105,1765422119928,False
3007977722,89901.20,0.024,1765422120005,True
3007977723,89901.30,0.023,1765422120013,False
3007977724,89901.20,0.006,1765422120038,True
3007977725,89901.20,0.047,1765422120661,True
3007977726,89901.10,0.002,1765422120661,True
3007977727,89901.00,0.002,1765422120661,True
3007977728,89900.60,0.002,1765422120662,True
3007977729,89899.10,0.003,1765422120666,True
3007977730,89898.30,0.003,1765422120666,True
3007977731,89898.20,0.002,1765422120666,True
3007977732,89897.60,0.032,1765422120671,True
3007977733,89897.70,0.076,1765422120680,False
3007977734,89897.60,0.008,1765422120695,True
3007977735,89897.50,0.002,1765422120695,True
3007977736,89897.10,0.003,1765422120695,True
3007977737,89896.80,0.002,1765422120695,True
3007977738,89896.70,0.002,1765422120695,True
3007977739,89896.60,0.007,1765422120695,True
3007977740,89896.10,0.003,1765422120695,True
3007977741,89895.60,0.003,1765422120695,True
3007977742,89895.50,0.002,1765422120695,True
3007977743,89895.20,0.002,1765422120695,True
3007977744,89895.10,0.006,1765422120695,True
3007977745,89895.00,0.002,1765422120695,True
3007977746,89894.60,0.003,1765422120695,True
3007977747,89894.50,0.002,1765422120695,True
3007977748,89894.30,0.003,1765422120695,True
3007977749,89894.20,0.002,1765422120695,True
3007977750,89894.10,0.003,1765422120695,True
3007977751,89894.00,0.002,1765422120695,True
3007977752,89893.90,0.002,1765422120695,True
3007977753,89893.60,0.005,1765422120695,True
3007977754,89893.10,0.003,1765422120699,True
3007977755,89892.70,0.047,1765422120702,True
3007977756,89892.60,0.003,1765422120702,True
3007977757,89892.40,0.005,1765422120702,True
3007977758,89892.00,0.005,1765422120704,True
3007977759,89891.90,0.003,1765422120704,True
3007977760,89891.20,0.008,1765422120718,True
3007977761,89890.70,0.002,1765422120723,True
3007977762,89890.40,0.003,1765422120726,True
3007977763,89889.90,0.003,1765422120726,True
3007977764,89889.30,0.002,1765422120732,True
3007977765,89889.20,0.002,1765422120732,True
3007977766,89889.10,0.003,1765422120732,True
3007977767,89888.70,0.003,1765422120740,True
3007977768,89888.60,0.002,1765422120740,True
3007977769,89888.40,0.003,1765422120753,True
3007977770,89888.30,0.011,1765422120763,False
3007977771,89888.20,3.440,1765422120831,True
3007977772,89888.10,0.356,1765422120832,True
3007977773,89888.00,2.081,1765422120832,True
3007977774,89887.90,0.005,1765422120833,True
3007977775,89887.60,0.005,1765422120833,True
3007977776,89887.40,0.003,1765422120833,True
3007977777,89887.20,0.002,1765422120833,True
3007977778,89887.10,0.003,1765422120833,True
3007977779,89887.00,0.003,1765422120833,True
3007977780,89886.90,0.003,1765422120833,True
3007977781,89886.40,0.003,1765422120841,True
3007977782,89886.30,0.002,1765422120841,True
3007977783,89886.20,0.003,1765422120841,True
3007977784,89885.90,0.005,1765422120841,True
3007977785,89885.80,0.004,1765422120841,True
3007977786,89885.70,0.003,1765422120841,True
3007977787,89885.60,0.004,1765422120841,True
3007977788,89885.50,0.014,1765422120841,True
3007977789,89885.40,0.003,1765422120841,True
3007977790,89885.30,0.003,1765422120841,True
3007977791,89885.00,0.006,1765422120841,True
3007977792,89884.90,0.006,1765422120841,True
3007977793,89884.80,0.192,1765422120841,True
3007977794,89884.70,0.002,1765422120843,True
3007977795,89884.50,0.003,1765422120843,True
3007977796,89884.40,0.005,1765422120843,True
3007977797,89884.30,0.007,1765422120843,True
3007977798,89884.00,0.002,1765422120843,True
3007977799,89883.90,0.003,1765422120843,True
3007977800,89883.70,0.007,1765422120843,True
3007977801,89883.60,0.002,1765422120843,True
3007977802,89883.40,0.003,1765422120844,True
3007977803,89883.30,0.125,1765422120844,True
3007977804,89883.20,0.002,1765422120844,True
3007977805,89883.10,0.002,1765422120844,True
3007977806,89883.00,0.004,1765422120844,True
3007977807,89882.90,0.006,1765422120847,True
3007977808,89882.80,0.166,1765422120847,True
3007977809,89882.60,0.010,1765422120870,True
3007977810,89882.40,0.005,1765422120870,True
3007977811,89882.10,0.003,1765422120873,True
3007977812,89881.90,0.003,1765422120873,True
3007977813,89881.60,0.006,1765422120873,True
3007977814,89881.50,0.018,1765422120873,True
3007977815,89881.40,0.007,1765422120873,True
3007977816,89881.30,0.003,1765422120873,True
3007977817,89881.20,0.003,1765422120873,True
3007977818,89881.10,0.008,1765422120873,True
3007977819,89881.00,0.075,1765422120873,True
3007977820,89880.90,0.041,1765422120874,True
3007977821,89880.80,0.049,1765422120875,True
3007977822,89880.70,0.092,1765422120875,True
3007977823,89880.50,0.008,1765422120875,True
3007977824,89880.40,0.007,1765422120875,True
3007977825,89880.20,0.004,1765422120875,True
3007977826,89880.00,0.113,1765422120875,True
3007977827,89879.90,0.003,1765422120897,True
3007977828,89879.80,0.002,1765422120897,True
3007977829,89879.70,0.003,1765422120897,True
3007977830,89879.60,0.002,1765422120897,True
3007977831,89879.50,0.004,1765422120897,True
3007977832,89879.40,0.007,1765422120900,True
3007977833,89879.00,0.002,1765422120901,True
3007977834,89878.90,0.012,1765422120901,True
3007977835,89879.10,0.002,1765422120903,True
3007977836,89878.60,0.002,1765422120903,True
3007977837,89878.50,0.006,1765422120903,True
3007977838,89878.40,0.005,1765422120906,True
3007977839,89878.30,0.008,1765422120906,True
3007977840,89878.20,0.006,1765422120906,True
3007977841,89878.10,0.007,1765422120906,True
3007977842,89878.00,0.004,1765422120906,True
3007977843,89877.90,0.020,1765422120906,True
3007977844,89877.80,0.007,1765422120906,True
3007977845,89877.70,0.011,1765422120906,True
3007977846,89877.40,0.003,1765422120907,True
3007977847,89877.30,0.008,1765422120907,True
3007977848,89877.20,0.023,1765422120907,True
3007977849,89877.10,0.006,1765422120913,True
3007977850,89877.00,0.007,1765422120913,True
3007977851,89876.90,0.003,1765422120913,True
3007977852,89876.80,0.003,1765422120948,True
3007977853,89876.70,0.008,1765422120948,True
3007977854,89876.60,0.008,1765422120948,True
3007977855,89876.40,0.007,1765422120951,True
3007977856,89876.20,0.004,1765422120955,True
3007977857,89875.90,0.013,1765422120956,True
3007977858,89875.80,0.014,1765422120956,True
3007977859,89875.40,0.003,1765422120957,True
3007977860,89875.30,0.002,1765422120957,True
3007977861,89875.20,0.004,1765422120957,True
3007977862,89875.00,0.055,1765422120957,True
3007977863,89876.00,0.100,1765422120967,False
3007977864,89875.10,0.002,1765422120991,False
3007977865,89874.90,0.058,1765422121010,True
3007977866,89874.70,0.002,1765422121010,True
3007977867,89874.60,0.022,1765422121010,True
3007977868,89874.40,0.005,1765422121010,True
3007977869,89874.00,0.006,1765422121010,True
3007977870,89873.90,0.003,1765422121010,True
3007977871,89873.80,0.002,1765422121010,True
3007977872,89873.60,0.003,1765422121010,True
3007977873,89873.40,0.002,1765422121010,True
3007977874,89874.00,0.013,1765422121046,False
3007977875,89874.10,0.088,1765422121046,False
3007977876,89873.40,0.024,1765422121056,True
3007977877,89873.40,0.040,1765422121087,False
3007977878,89873.30,0.004,1765422121111,True
3007977879,89872.90,0.003,1765422121111,True
3007977880,89872.40,0.003,1765422121111,True
3007977881,89872.00,0.002,1765422121111,True
3007977882,89871.90,0.003,1765422121111,True
3007977883,89871.60,0.002,1765422121111,True
3007977884,89871.40,0.003,1765422121111,True
3007977885,89871.30,0.003,1765422121111,True
3007977886,89871.20,0.002,1765422121111,True
3007977887,89871.10,0.001,1765422121111,True
3007977888,89873.40,0.008,1765422121111,False
3007977889,89871.10,0.002,1765422121111,True
3007977890,89870.90,0.005,1765422121111,True
3007977891,89870.70,0.002,1765422121111,True
3007977892,89870.50,0.003,1765422121111,True
3007977893,89870.40,0.003,1765422121111,True
3007977894,89870.20,0.002,1765422121111,True
3007977895,89870.00,0.208,1765422121111,True
3007977896,89869.90,0.005,1765422121112,True
3007977897,89869.70,0.003,1765422121112,True
3007977898,89869.40,0.007,1765422121112,True
3007977899,89869.30,0.008,1765422121112,True
3007977900,89869.20,0.004,1765422121112,True
3007977901,89868.90,0.006,1765422121112,True
3007977902,89868.80,0.002,1765422121112,True
3007977903,89868.70,0.003,1765422121112,True
3007977904,89868.60,0.006,1765422121112,True
3007977905,89868.50,0.005,1765422121112,True
3007977906,89868.40,0.005,1765422121112,True
3007977907,89868.20,0.004,1765422121112,True
3007977908,89868.10,0.002,1765422121112,True
3007977909,89867.90,0.017,1765422121112,True
3007977910,89867.80,0.005,1765422121112,True
3007977911,89867.70,0.021,1765422121112,True
3007977912,89867.60,0.009,1765422121112,True
3007977913,89867.50,0.002,1765422121112,True
3007977914,89867.40,0.005,1765422121112,True
3007977915,89867.30,0.003,1765422121112,True
3007977916,89867.20,0.006,1765422121112,True
3007977917,89867.10,0.002,1765422121112,True
3007977918,89866.90,0.036,1765422121112,True
3007977919,89866.80,0.009,1765422121112,True
3007977920,89866.70,0.005,1765422121112,True
3007977921,89866.60,0.002,1765422121112,True
3007977922,89866.50,0.002,1765422121112,True
3007977923,89866.40,0.005,1765422121112,True
3007977924,89866.00,0.002,1765422121112,True
3007977925,89865.90,0.009,1765422121112,True
3007977926,89865.60,0.008,1765422121112,True
3007977927,89865.50,0.054,1765422121112,True
3007977928,89865.40,0.024,1765422121112,True
3007977929,89865.30,0.009,1765422121112,True
3007977930,89865.20,0.005,1765422121112,True
3007977931,89865.00,0.006,1765422121112,True
3007977932,89864.90,0.003,1765422121112,True
3007977933,89864.80,0.002,1765422121112,True
3007977934,89864.70,0.009,1765422121112,True
3007977935,89864.60,0.002,1765422121112,True
3007977936,89864.50,0.002,1765422121112,True
3007977937,89864.40,0.137,1765422121112,True
3007977938,89864.30,0.002,1765422121112,True
3007977939,89864.20,0.002,1765422121112,True
3007977940,89864.10,0.002,1765422121112,True
3007977941,89864.00,0.012,1765422121112,True
3007977942,89863.90,0.005,1765422121112,True
3007977943,89863.80,0.002,1765422121112,True
3007977944,89863.70,0.006,1765422121112,True
3007977945,89863.60,0.115,1765422121112,True
3007977946,89863.50,0.002,1765422121112,True
3007977947,89863.40,0.005,1765422121112,True
3007977948,89863.20,0.002,1765422121112,True
3007977949,89863.10,0.004,1765422121112,True
3007977950,89863.00,0.007,1765422121112,True
3007977951,89862.90,0.009,1765422121112,True
3007977952,89862.80,0.003,1765422121112,True
3007977953,89862.70,0.012,1765422121112,True
3007977954,89862.60,0.014,1765422121112,True
3007977955,89862.50,0.012,1765422121112,True
3007977956,89862.40,0.115,1765422121112,True
3007977957,89862.30,0.031,1765422121112,True
3007977958,89873.40,0.037,1765422121112,False
3007977959,89862.30,0.004,1765422121112,True
3007977960,89865.40,0.002,1765422121141,True
3007977961,89865.70,0.002,1765422121143,False
3007977962,89865.50,0.225,1765422121182,False
3007977963,89865.40,0.284,1765422121216,True
3007977964,89865.50,3.011,1765422121260,False
3007977965,89865.40,0.018,1765422121345,True
3007977966,89865.50,0.431,1765422121482,False
3007977967,89865.60,0.005,1765422121528,False
3007977968,89865.90,0.055,1765422121528,False
3007977969,89866.00,0.006,1765422121528,False
3007977970,89866.30,0.003,1765422121528,False
3007977971,89866.70,0.003,1765422121528,False
3007977972,89866.80,0.003,1765422121531,False
3007977973,89867.10,0.002,1765422121531,False
3007977974,89867.30,0.003,1765422121531,False
3007977975,89867.50,0.003,1765422121531,False
3007977976,89867.90,0.002,1765422121531,False
3007977977,89868.00,0.003,1765422121531,False
3007977978,89868.10,0.003,1765422121531,False
3007977979,89868.50,0.011,1765422121539,False
3007977980,89869.00,0.033,1765422121541,False
3007977981,89869.50,0.003,1765422121545,False
3007977982,89870.00,0.003,1765422121545,False
3007977983,89870.50,0.002,1765422121545,False
3007977984,89870.70,0.003,1765422121545,False
3007977985,89871.20,0.007,1765422121548,False
3007977986,89871.50,0.002,1765422121552,False
3007977987,89871.70,0.006,1765422121561,False
3007977988,89872.10,0.046,1765422121569,False
3007977989,89872.70,0.003,1765422121569,False
3007977990,89873.10,0.002,1765422121569,False
3007977991,89873.40,0.003,1765422121569,False
3007977992,89873.50,0.036,1765422121569,False
3007977993,89873.80,0.002,1765422121569,False
3007977994,89873.90,0.003,1765422121569,False
3007977995,89874.00,0.002,1765422121569,False
3007977996,89874.20,0.007,1765422121569,False
3007977997,89874.30,0.044,1765422121587,False
3007977998,89874.40,0.002,1765422121605,False
3007977999,89874.50,0.006,1765422121606,False
3007978000,89874.70,0.005,1765422121606,False
3007978001,89874.90,0.021,1765422121702,True
3007978002,89874.90,0.082,1765422121829,True
3007978003,89874.80,0.002,1765422121850,True
3007978004,89874.20,0.065,1765422121851,True
3007978005,89874.10,0.002,1765422121851,True
3007978006,89874.00,0.002,1765422121851,True
3007978007,89873.80,0.002,1765422121851,True
3007978008,89873.10,0.002,1765422121851,True
3007978009,89872.90,0.003,1765422121851,True
3007978010,89872.20,0.003,1765422121855,True
3007978011,89871.90,0.002,1765422121855,True
3007978012,89871.60,0.003,1765422121855,True
3007978013,89870.20,0.038,1765422121861,True
3007978014,89870.10,0.005,1765422121881,True
3007978015,89869.70,0.003,1765422121881,True
3007978016,89869.40,0.003,1765422121881,True
3007978017,89868.90,0.003,1765422121881,True
3007978018,89868.60,0.002,1765422121881,True
3007978019,89868.50,0.003,1765422121937,False
3007978020,89868.40,0.183,1765422121948,True
3007978021,89868.30,0.002,1765422121953,True
3007978022,89867.80,0.003,1765422121953,True
3007978023,89867.60,0.002,1765422121953,True
3007978024,89867.30,0.003,1765422121953,True
3007978025,89867.10,0.002,1765422121953,True
3007978026,89866.60,0.003,1765422121953,True
3007978027,89866.30,0.002,1765422121953,True
3007978028,89866.10,0.003,1765422121953,True
3007978029,89865.70,0.623,1765422121957,True
3007978030,89865.80,0.010,1765422122046,False
3007978031,89865.80,0.005,1765422122328,False
3007978032,89865.70,0.017,1765422122350,True
3007978033,89865.80,0.051,1765422122524,False
3007978034,89865.70,0.028,1765422122754,True
3007978035,89865.80,1.808,1765422122813,False
3007978036,89865.90,0.006,1765422122813,False
3007978037,89866.00,0.003,1765422122813,False
3007978038,89866.50,0.003,1765422122813,False
3007978039,89866.80,0.024,1765422122813,False
3007978040,89867.00,0.003,1765422122813,False
3007978041,89867.10,0.002,1765422122813,False
3007978042,89867.60,0.005,1765422122813,False
3007978043,89867.70,0.011,1765422122813,False
3007978044,89868.00,0.003,1765422122813,False
3007978045,89868.40,0.006,1765422122813,False
3007978046,89868.50,0.003,1765422122813,False
3007978047,89868.80,0.003,1765422122813,False
3007978048,89868.90,0.002,1765422122813,False
3007978049,89869.00,0.003,1765422122813,False
3007978050,89869.40,0.003,1765422122813,False
3007978051,89869.50,0.002,1765422122813,False
3007978052,89869.70,0.003,1765422122813,False
3007978053,89870.00,0.005,1765422122813,False
3007978054,89870.20,0.002,1765422122813,False
3007978055,89870.30,0.012,1765422122813,False
3007978056,89870.50,0.476,1765422122813,False
3007978057,89870.60,0.004,1765422122813,False
3007978058,89870.70,0.006,1765422122813,False
3007978059,89871.00,0.003,1765422122813,False
3007978060,89871.20,0.007,1765422122813,False
3007978061,89871.30,0.003,1765422122813,False
3007978062,89871.50,0.007,1765422122813,False
3007978063,89871.60,0.002,1765422122813,False
3007978064,89871.80,0.003,1765422122813,False
3007978065,89872.20,0.004,1765422122813,False
3007978066,89872.30,0.020,1765422122813,False
3007978067,89872.40,0.004,1765422122813,False
3007978068,89872.50,0.002,1765422122813,False
3007978069,89872.80,0.048,1765422122813,False
3007978070,89873.10,0.003,1765422122813,False
3007978071,89873.30,0.005,1765422122813,False
3007978072,89873.40,0.112,1765422122813,False
3007978073,89873.50,0.012,1765422122813,False
3007978074,89873.50,0.002,1765422123035,False
3007978075,89873.40,0.844,1765422123035,True
3007978076,89873.50,0.026,1765422123036,False
3007978077,89873.40,0.683,1765422123036,True
3007978078,89873.50,0.086,1765422123111,False
3007978079,89873.40,0.011,1765422123134,True
3007978080,89873.40,0.268,1765422123366,True
3007978081,89873.50,0.002,1765422123475,False
3007978082,89873.50,0.003,1765422123623,False
3007978083,89873.40,0.077,1765422123969,True
3007978084,89873.50,0.085,1765422124037,False
3007978085,89873.40,0.042,1765422124048,True
3007978086,89873.40,0.256,1765422124150,True
3007978087,89873.50,0.027,1765422124279,False
3007978088,89873.60,0.036,1765422124373,False
3007978089,89873.60,0.022,1765422124402,True
3007978090,89873.70,0.182,1765422124410,False
3007978091,89873.80,0.007,1765422124410,False
3007978092,89874.00,0.057,1765422124410,False
3007978093,89874.30,0.003,1765422124410,False
3007978094,89874.80,0.002,1765422124410,False
3007978095,89875.00,0.003,1765422124410,False
3007978096,89875.10,0.003,1765422124410,False
3007978097,89875.20,0.002,1765422124410,False
3007978098,89875.50,0.009,1765422124418,False
3007978099,89875.70,0.002,1765422124421,False
3007978100,89875.80,0.021,1765422124427,False
3007978101,89876.00,0.033,1765422124431,False
3007978102,89876.40,0.162,1765422124446,True
3007978103,89876.50,0.003,1765422124449,False
3007978104,89876.70,0.002,1765422124449,False
3007978105,89876.90,0.003,1765422124449,False
3007978106,89877.00,0.006,1765422124487,False
3007978107,89877.10,0.002,1765422124487,False
3007978108,89877.40,0.015,1765422124495,False
3007978109,89877.30,0.008,1765422124524,True
3007978110,89877.30,0.016,1765422124648,True
3007978111,89877.40,0.058,1765422124669,False
3007978112,89877.50,0.005,1765422124708,False
3007978113,89878.30,0.005,1765422124708,False
3007978114,89878.80,0.009,1765422124708,False
3007978115,89879.30,0.084,1765422125004,False
3007978116,89879.20,0.003,1765422125050,True
3007978117,89879.20,0.017,1765422125164,True
3007978118,89879.30,0.005,1765422125179,False
3007978119,89879.20,0.006,1765422125238,True
3007978120,89879.30,0.198,1765422125271,False
3007978121,89879.30,0.001,1765422125585,False
3007978122,89879.30,0.114,1765422125746,False
3007978123,89879.40,0.004,1765422125824,False
3007978124,89879.50,0.139,1765422125825,False
3007978125,89879.90,0.003,1765422125833,False
3007978126,89880.00,0.002,1765422125833,False
3007978127,89880.10,0.002,1765422125833,False
3007978128,89880.20,0.002,1765422125833,False
3007978129,89880.40,0.003,1765422125833,False
3007978130,89880.50,0.024,1765422125839,False
3007978131,89880.90,0.005,1765422125839,False
3007978132,89881.00,0.004,1765422125839,False
3007978133,89881.20,0.003,1765422125845,False
3007978134,89881.40,0.003,1765422125845,False
3007978135,89881.80,0.003,1765422125845,False
3007978136,89881.90,0.003,1765422125845,False
3007978137,89882.00,0.002,1765422125845,False
3007978138,89882.30,0.006,1765422125860,False
3007978139,89882.60,0.025,1765422125862,False
3007978140,89882.70,0.002,1765422125866,False
3007978141,89882.80,0.002,1765422125866,False
3007978142,89883.00,0.002,1765422125866,False
3007978143,89883.20,0.003,1765422125866,False
3007978144,89883.50,0.002,1765422125866,False
3007978145,89883.70,0.003,1765422125866,False
3007978146,89883.70,0.002,1765422125879,True
3007978147,89883.80,0.084,1765422125968,False
3007978148,89883.70,0.002,1765422125975,True
3007978149,89883.80,0.018,1765422126019,False
3007978150,89883.90,0.002,1765422126020,False
3007978151,89884.00,0.002,1765422126020,False
3007978152,89884.30,0.003,1765422126021,False
3007978153,89884.40,0.003,1765422126021,False
3007978154,89884.70,0.023,1765422126021,False
3007978155,89884.80,0.025,1765422126021,False
3007978156,89885.00,0.002,1765422126021,False
3007978157,89885.30,0.002,1765422126021,False
3007978158,89885.40,0.003,1765422126021,False
3007978159,89885.60,0.002,1765422126027,False
3007978160,89885.90,0.009,1765422126050,False
3007978161,89886.10,0.005,1765422126050,False
3007978162,89886.50,0.003,1765422126050,False
3007978163,89886.70,0.005,1765422126050,False
3007978164,89887.40,0.003,1765422126064,False
3007978165,89887.50,0.007,1765422126064,False
3007978166,89887.70,0.004,1765422126064,False
3007978167,89887.90,0.039,1765422126068,True
3007978168,89888.00,0.021,1765422126076,False
3007978169,89888.10,0.189,1765422126134,True
3007978170,89888.20,0.030,1765422126135,False
3007978171,89888.30,0.007,1765422126135,False
3007978172,89888.40,0.002,1765422126135,False
3007978173,89888.90,0.005,1765422126139,False
3007978174,89889.40,0.003,1765422126139,False
3007978175,89890.00,0.002,1765422126139,False
3007978176,89890.20,0.003,1765422126139,False
3007978177,89890.40,0.003,1765422126139,False
3007978178,89890.50,0.004,1765422126139,False
3007978179,89890.60,0.010,1765422126146,False
3007978180,89890.80,0.003,1765422126148,False
3007978181,89891.20,0.002,1765422126148,False
3007978182,89891.30,0.003,1765422126148,False
3007978183,89891.40,0.018,1765422126153,False
3007978184,89891.60,0.007,1765422126156,False
3007978185,89891.90,0.002,1765422126156,False
3007978186,89892.00,0.004,1765422126156,False
3007978187,89892.10,0.003,1765422126156,False
3007978188,89892.50,0.002,1765422126156,False
3007978189,89892.90,0.006,1765422126161,False
3007978190,89893.10,0.045,1765422126179,True
3007978191,89893.10,0.124,1765422126574,True
3007978192,89893.00,0.065,1765422126574,True
3007978193,89892.00,0.002,1765422126577,True
3007978194,89891.30,0.006,1765422126577,True
3007978195,89891.00,0.002,1765422126577,True
3007978196,89890.70,0.003,1765422126577,True
3007978197,89890.50,0.011,1765422126585,True
3007978198,89889.90,0.003,1765422126589,True
3007978199,89889.80,0.002,1765422126589,True
3007978200,89889.00,0.003,1765422126589,True
3007978201,89888.60,0.003,1765422126589,True
3007978202,89888.50,0.003,1765422126589,True
3007978203,89888.40,0.019,1765422126593,True
3007978204,89887.80,0.006,1765422126593,True
3007978205,89887.90,0.005,1765422126693,False
3007978206,89887.80,0.111,1765422126696,True
3007978207,89887.90,0.002,1765422126887,False
3007978208,89887.80,0.226,1765422126999,True
3007978209,89887.90,0.004,1765422127108,False
3007978210,89887.80,0.220,1765422127346,True
3007978211,89887.90,0.350,1765422127649,False
3007978212,89887.90,3.099,1765422127785,False
3007978213,89888.00,0.013,1765422127785,False
3007978214,89888.10,0.084,1765422127785,False
3007978215,89888.50,0.003,1765422127785,False
3007978216,89889.40,0.003,1765422127785,False
3007978217,89889.70,0.002,1765422127785,False
3007978218,89890.00,0.010,1765422127785,False
3007978219,89890.60,0.008,1765422127785,False
3007978220,89890.80,0.003,1765422127785,False
3007978221,89891.00,0.002,1765422127785,False
3007978222,89891.10,0.003,1765422127785,False
3007978223,89891.50,0.002,1765422127785,False
3007978224,89891.60,0.006,1765422127785,False
3007978225,89891.90,0.002,1765422127785,False
3007978226,89892.00,0.002,1765422127785,False
3007978227,89892.10,0.003,1765422127785,False
3007978228,89892.30,0.122,1765422127785,False
3007978229,89892.50,0.008,1765422127785,False
3007978230,89892.60,0.003,1765422127785,False
3007978231,89892.70,0.015,1765422127785,False
3007978232,89892.80,0.002,1765422127785,False
3007978233,89893.00,0.003,1765422127785,False
3007978234,89893.10,0.247,1765422127785,False
3007978235,89893.20,0.099,1765422127785,False
3007978236,89893.30,0.002,1765422127785,False
3007978237,89893.50,0.115,1765422127785,False
3007978238,89893.60,0.003,1765422127785,False
3007978239,89893.70,0.002,1765422127785,False
3007978240,89893.80,0.004,1765422127785,False
3007978241,89893.90,0.004,1765422127785,False
3007978242,89894.00,0.009,1765422127785,False
3007978243,89894.10,0.015,1765422127785,False
3007978244,89894.60,0.005,1765422127785,False
3007978245,89894.70,1.055,1765422127785,False
3007978246,89894.80,0.118,1765422127785,False
3007978247,89895.00,0.002,1765422127785,False
3007978248,89895.10,0.008,1765422127785,False
3007978249,89895.30,0.005,1765422127785,False
3007978250,89895.60,0.045,1765422127785,False
3007978251,89895.70,0.003,1765422127785,False
3007978252,89895.90,0.004,1765422127785,False
3007978253,89896.00,0.003,1765422127785,False
3007978254,89896.10,0.116,1765422127785,False
3007978255,89896.20,0.101,1765422127785,False
3007978256,89896.40,0.006,1765422127785,False
3007978257,89896.50,0.005,1765422127785,False
3007978258,89896.60,0.007,1765422127785,False
3007978259,89896.70,0.007,1765422127785,False
3007978260,89896.80,0.024,1765422127785,False
3007978261,89896.90,0.204,1765422127785,False
3007978262,89897.00,0.012,1765422127785,False
3007978263,89897.10,0.003,1765422127785,False
3007978264,89897.20,0.115,1765422127785,False
3007978265,89897.30,0.005,1765422127785,False
3007978266,89897.40,0.002,1765422127785,False
3007978267,89897.50,0.002,1765422127785,False
3007978268,89897.60,0.034,1765422127785,False
3007978269,89897.70,0.007,1765422127785,False
3007978270,89897.80,0.002,1765422127785,False
3007978271,89897.90,0.227,1765422127785,False
3007978272,89898.20,0.003,1765422127785,False
3007978273,89898.30,0.112,1765422127785,False
3007978274,89898.40,0.012,1765422127785,False
3007978275,89898.70,0.009,1765422127785,False
3007978276,89898.80,0.002,1765422127785,False
3007978277,89899.10,0.068,1765422127785,False
3007978278,89899.20,0.009,1765422127785,False
3007978279,89899.40,0.112,1765422127785,False
3007978280,89899.60,0.005,1765422127785,False
3007978281,89899.70,0.003,1765422127785,False
3007978282,89899.80,0.003,1765422127785,False
3007978283,89900.00,0.006,1765422127785,False
3007978284,89900.10,0.120,1765422127788,False
3007978285,89900.30,0.004,1765422127790,False
3007978286,89900.50,0.140,1765422127790,False
3007978287,89900.60,0.002,1765422127790,False
3007978288,89900.70,0.003,1765422127791,False
3007978289,89901.00,0.002,1765422127791,False
3007978290,89901.10,0.698,1765422127791,False
3007978291,89901.30,0.028,1765422127796,False
3007978292,89901.40,0.004,1765422127797,False
3007978293,89901.50,0.115,1765422127797,False
3007978294,89901.70,0.003,1765422127797,False
3007978295,89901.80,0.002,1765422127797,False
3007978296,89901.90,0.007,1765422127797,False
3007978297,89902.00,0.003,1765422127797,False
3007978298,89902.20,0.011,1765422127797,False
3007978299,89902.30,0.222,1765422127797,False
3007978300,89902.40,0.009,1765422127797,False
3007978301,89902.50,0.003,1765422127797,False
3007978302,89903.00,0.010,1765422127802,False
3007978303,89903.10,0.023,1765422127802,False
3007978304,89903.20,0.003,1765422127802,False
3007978305,89903.30,0.002,1765422127802,False
3007978306,89903.50,0.002,1765422127802,False
3007978307,89903.70,0.003,1765422127802,False
3007978308,89903.80,0.023,1765422127802,False
3007978309,89904.00,0.003,1765422127803,False
3007978310,89904.10,0.006,1765422127803,False
3007978311,89904.20,0.010,1765422127803,False
3007978312,89904.40,0.002,1765422127803,False
3007978313,89904.50,0.004,1765422127803,False
3007978314,89904.60,0.916,1765422127803,False
3007978315,89904.70,0.008,1765422127808,False
3007978316,89904.80,0.049,1765422127808,False
3007978317,89903.70,0.112,1765422127809,False
3007978318,89904.80,0.068,1765422127809,False
3007978319,89904.90,0.023,1765422127809,False
3007978320,89905.00,0.003,1765422127809,False
3007978321,89905.20,0.006,1765422127809,False
3007978322,89905.40,0.003,1765422127809,False
3007978323,89905.50,0.021,1765422127809,False
3007978324,89905.60,0.003,1765422127809,False
3007978325,89905.70,0.006,1765422127809,False
3007978326,89905.80,0.764,1765422127809,False
3007978327,89905.90,0.004,1765422127835,False
3007978328,89906.00,0.033,1765422127835,False
3007978329,89906.10,0.002,1765422127835,False
3007978330,89906.20,0.005,1765422127836,False
3007978331,89906.40,0.005,1765422127836,False
3007978332,89906.50,0.003,1765422127836,False
3007978333,89906.60,0.006,1765422127836,False
3007978334,89906.80,0.020,1765422127836,False
3007978335,89907.00,0.049,1765422127836,False
3007978336,89907.10,0.070,1765422127836,False
3007978337,89907.20,0.029,1765422127899,False
3007978338,89907.30,0.084,1765422127975,False
3007978339,89907.20,0.255,1765422127981,True
3007978340,89907.40,0.028,1765422127994,False
3007978341,89907.30,0.012,1765422128066,True
3007978342,89907.40,0.103,1765422128124,False
3007978343,89907.30,0.020,1765422128243,True
3007978344,89907.30,0.095,1765422128352,True
3007978345,89907.20,0.186,1765422128352,True
3007978346,89907.10,0.017,1765422128353,True
3007978347,89906.60,0.003,1765422128354,True
3007978348,89906.40,0.006,1765422128354,True
3007978349,89906.30,0.005,1765422128354,True
3007978350,89906.10,0.003,1765422128354,True
3007978351,89905.60,0.003,1765422128354,True
3007978352,89905.10,0.003,1765422128354,True
3007978353,89905.00,0.005,1765422128354,True
3007978354,89904.90,0.002,1765422128361,True
3007978355,89904.70,0.010,1765422128361,True
3007978356,89904.60,0.007,1765422128361,True
3007978357,89904.10,0.009,1765422128373,True
3007978358,89903.90,0.004,1765422128373,True
3007978359,89903.60,0.003,1765422128385,True
3007978360,89903.10,0.003,1765422128385,True
3007978361,89902.70,0.002,1765422128385,True
3007978362,89902.60,0.003,1765422128385,True
3007978363,89902.10,0.003,1765422128385,True
3007978364,89901.80,0.003,1765422128385,True
3007978365,89901.70,0.020,1765422128744,False
3007978366,89901.60,3.109,1765422128784,True
3007978367,89901.50,0.144,1765422128784,True
3007978368,89901.40,0.003,1765422128784,True
3007978369,89901.10,0.002,1765422128784,True
3007978370,89901.00,0.002,1765422128784,True
3007978371,89900.90,0.003,1765422128784,True
3007978372,89900.60,0.002,1765422128784,True
3007978373,89900.50,0.002,1765422128784,True
3007978374,89900.40,0.005,1765422128784,True
3007978375,89900.20,0.002,1765422128784,True
3007978376,89900.00,63.712,1765422128784,True
3007978377,89899.90,0.007,1765422128810,True
3007978378,89899.40,0.003,1765422128810,True
3007978379,89899.00,0.003,1765422128812,True
3007978380,89898.60,0.006,1765422128812,True
3007978381,89898.10,0.003,1765422128812,True
3007978382,89898.00,0.002,1765422128812,True
3007978383,89897.80,0.003,1765422128812,True
3007978384,89897.60,0.002,1765422128814,True
3007978385,89897.50,0.003,1765422128814,True
3007978386,89897.40,0.003,1765422128814,True
3007978387,89897.10,0.003,1765422128814,True
3007978388,89897.00,0.002,1765422128814,True
3007978389,89896.70,0.055,1765422128814,True
3007978390,89896.40,0.005,1765422128819,True
3007978391,89896.20,0.003,1765422128819,True
3007978392,89896.00,0.004,1765422128851,True
3007978393,89895.70,0.003,1765422128851,True
3007978394,89895.60,0.003,1765422128851,True
3007978395,89895.40,0.002,1765422128851,True
3007978396,89895.20,0.003,1765422128851,True
3007978397,89895.00,0.002,1765422128851,True
3007978398,89894.80,0.005,1765422128851,True
3007978399,89894.70,0.003,1765422128868,True
3007978400,89894.20,0.006,1765422128868,True
3007978401,89894.00,0.002,1765422128868,True
3007978402,89893.90,0.004,1765422128868,True
3007978403,89893.80,0.002,1765422128868,True
3007978404,89893.70,0.003,1765422128868,True
3007978405,89893.60,0.002,1765422128868,True
3007978406,89893.30,0.002,1765422128868,True
3007978407,89893.20,0.003,1765422128868,True
3007978408,89892.80,0.002,1765422128868,True
3007978409,89892.70,0.003,1765422128868,True
3007978410,89892.20,0.003,1765422128868,True
3007978411,89892.00,0.002,1765422128868,True
3007978412,89891.80,0.002,1765422128868,True
3007978413,89891.70,0.003,1765422128868,True
3007978414,89891.20,0.005,1765422128868,True
3007978415,89891.10,0.002,1765422128868,True
3007978416,89890.90,0.002,1765422128868,True
3007978417,89891.20,0.002,1765422128901,False
3007978418,89890.80,0.003,1765422128919,True
3007978419,89890.40,0.003,1765422128919,True
3007978420,89890.20,0.002,1765422128919,True
3007978421,89890.00,0.003,1765422128920,True
3007978422,89889.90,0.003,1765422128920,True
3007978423,89889.50,0.002,1765422128920,True
3007978424,89889.30,0.003,1765422128920,True
3007978425,89889.40,0.002,1765422128926,True
3007978426,89889.30,0.002,1765422128926,True
3007978427,89889.20,0.005,1765422128926,True
3007978428,89888.80,0.003,1765422128926,True
3007978429,89888.60,0.032,1765422128926,True
3007978430,89888.40,0.009,1765422128948,True
3007978431,89888.30,0.003,1765422128970,True
3007978432,89888.10,0.003,1765422128970,True
3007978433,89887.80,0.097,1765422128970,True
3007978434,89887.70,0.002,1765422128970,True
3007978435,89887.60,0.003,1765422128970,True
3007978436,89887.40,0.037,1765422128970,True
3007978437,89887.20,0.002,1765422128970,True
3007978438,89887.10,0.003,1765422128970,True
3007978439,89886.80,0.002,1765422128970,True
3007978440,89886.60,0.005,1765422128970,True
3007978441,89886.10,0.003,1765422128970,True
3007978442,89885.70,0.002,1765422128970,True
3007978443,89885.60,0.007,1765422128970,True
3007978444,89885.50,0.002,1765422128970,True
3007978445,89885.10,0.003,1765422128970,True
3007978446,89884.80,0.002,1765422128970,True
3007978447,89884.60,0.003,1765422128970,True
3007978448,89884.00,0.002,1765422128970,True
3007978449,89883.90,0.002,1765422128970,True
3007978450,89883.80,0.003,1765422128970,True
3007978451,89883.70,0.006,1765422128970,True
3007978452,89883.60,0.014,1765422128970,True
3007978453,89883.00,0.008,1765422128970,True
3007978454,89882.90,0.005,1765422128970,True
3007978455,89882.70,0.002,1765422128973,True
3007978456,89882.30,0.002,1765422128973,True
3007978457,89882.10,0.005,1765422128973,True
3007978458,89882.00,0.002,1765422128973,True
3007978459,89881.90,0.002,1765422128973,True
3007978460,89881.50,0.004,1765422128973,True
3007978461,89881.40,0.003,1765422128973,True
3007978462,89881.10,0.055,1765422128973,True
3007978463,89880.90,0.003,1765422128973,True
3007978464,89880.60,0.007,1765422128973,True
3007978465,89880.50,0.002,1765422128973,True
3007978466,89880.40,0.003,1765422128973,True
3007978467,89880.30,0.013,1765422128973,True
3007978468,89880.00,0.002,1765422128973,True
3007978469,89879.70,0.004,1765422128973,True
3007978470,89879.60,0.002,1765422128973,True
3007978471,89879.50,0.003,1765422128973,True
3007978472,89879.40,0.005,1765422128973,True
3007978473,89879.30,0.022,1765422128973,True
3007978474,89879.20,0.012,1765422128973,True
3007978475,89879.10,0.002,1765422128973,True
3007978476,89878.90,0.003,1765422128973,True
3007978477,89878.40,0.017,1765422128973,True
3007978478,89878.20,0.002,1765422128973,True
3007978479,89878.10,0.003,1765422128973,True
3007978480,89877.90,0.003,1765422128973,True
3007978481,89877.60,0.004,1765422128973,True
3007978482,89877.30,0.028,1765422128973,True
3007978483,89877.20,0.005,1765422128973,True
3007978484,89877.00,0.002,1765422128973,True
3007978485,89876.90,0.035,1765422128973,True
3007978486,89876.80,0.002,1765422128973,True
3007978487,89876.70,0.003,1765422128973,True
3007978488,89876.40,0.136,1765422128973,True
3007978489,89876.30,0.002,1765422128973,True
3007978490,89876.20,0.015,1765422128973,True
3007978491,89875.70,0.151,1765422128973,True
3007978492,89875.30,0.004,1765422128973,True
3007978493,89875.20,0.003,1765422128973,True
3007978494,89875.00,0.002,1765422128973,True
3007978495,89874.90,0.002,1765422128973,True
3007978496,89874.80,0.014,1765422128973,True
3007978497,89874.70,0.005,1765422128973,True
3007978498,89874.40,0.004,1765422128973,True
3007978499,89874.10,0.003,1765422128973,True
3007978500,89874.00,0.002,1765422128973,True
3007978501,89873.90,0.022,1765422128973,True
3007978502,89873.80,0.002,1765422128973,True
3007978503,89873.50,0.005,1765422128973,True
3007978504,89873.40,0.010,1765422128973,True
3007978505,89873.30,0.006,1765422128973,True
3007978506,89872.80,0.003,1765422128973,True
3007978507,89872.70,0.112,1765422128973,True
3007978508,89872.40,0.002,1765422128973,True
3007978509,89872.30,0.003,1765422128973,True
3007978510,89872.20,0.893,1765422128973,True
3007978511,89871.90,0.002,1765422128973,True
3007978512,89871.80,0.003,1765422128973,True
3007978513,89871.60,0.114,1765422128973,True
3007978514,89871.30,0.003,1765422128973,True
3007978515,89871.00,0.002,1765422128973,True
3007978516,89870.80,0.003,1765422128973,True
3007978517,89870.40,0.004,1765422128973,True
3007978518,89870.20,0.010,1765422128973,True
3007978519,89870.10,0.112,1765422128973,True
3007978520,89869.90,0.003,1765422128973,True
3007978521,89869.80,0.002,1765422128973,True
3007978522,89869.50,0.004,1765422128973,True
3007978523,89869.40,0.005,1765422128973,True
3007978524,89869.20,0.002,1765422128973,True
3007978525,89869.10,0.112,1765422128973,True
3007978526,89868.90,0.137,1765422128973,True
3007978527,89868.80,0.002,1765422128973,True
3007978528,89868.70,0.005,1765422128973,True
3007978529,89868.60,0.004,1765422128973,True
3007978530,89868.50,0.002,1765422128973,True
3007978531,89868.40,0.003,1765422128973,True
3007978532,89885.60,0.002,1765422129014,True
3007978533,89876.10,0.003,1765422129014,True
3007978534,89869.70,0.012,1765422129014,True
3007978535,89869.00,0.003,1765422129014,True
3007978536,89878.00,0.002,1765422129050,False
3007978537,89874.20,0.012,1765422129060,True
3007978538,89872.90,0.002,1765422129060,True
3007978539,89872.80,0.002,1765422129060,True
3007978540,89872.70,0.004,1765422129060,True
3007978541,89872.30,0.200,1765422129070,False
3007978542,89871.40,0.002,1765422129087,True
3007978543,89872.10,0.010,1765422129128,False
3007978544,89872.00,2.378,1765422129150,True
3007978545,89871.50,0.003,1765422129150,True
3007978546,89871.40,0.346,1765422129150,True
3007978547,89871.00,0.003,1765422129150,True
3007978548,89870.60,0.006,1765422129150,True
3007978549,89870.50,0.003,1765422129150,True
3007978550,89870.00,0.003,1765422129150,True
3007978551,89869.50,0.003,1765422129150,True
3007978552,89869.20,0.305,1765422129150,True
3007978553,89869.00,0.003,1765422129150,True
3007978554,89868.60,0.054,1765422129150,True
3007978555,89868.40,0.016,1765422129150,True
3007978556,89868.30,0.241,1765422129150,True
3007978557,89871.20,0.003,1765422129227,False
3007978558,89870.00,0.002,1765422129236,True
3007978559,89869.80,0.003,1765422129236,True
3007978560,89869.10,0.014,1765422129236,True
3007978561,89871.20,0.005,1765422129293,False
3007978562,89869.20,0.014,1765422129333,True
3007978563,89869.30,0.003,1765422129527,False
3007978564,89869.20,0.093,1765422129574,True
3007978565,89869.20,2.557,1765422129694,True
3007978566,89869.10,0.037,1765422129796,True
3007978567,89868.60,0.025,1765422129798,True
3007978568,89868.50,0.037,1765422129836,True
3007978569,89867.80,0.003,1765422129839,True
3007978570,89867.60,0.002,1765422129839,True
3007978571,89867.30,0.003,1765422129839,True
3007978572,89867.20,0.003,1765422129839,True
3007978573,89867.10,0.005,1765422129839,True
3007978574,89866.90,0.002,1765422129839,True
3007978575,89866.70,0.002,1765422129906,False
3007978576,89866.60,0.004,1765422130051,True
3007978577,89866.70,0.036,1765422130070,False
3007978578,89866.60,0.087,1765422130181,True
3007978579,89866.70,0.004,1765422130182,False
3007978580,89866.70,0.016,1765422130303,False
3007978581,89866.70,0.005,1765422130697,False
3007978582,89866.70,0.983,1765422130822,False
3007978583,89866.80,0.130,1765422130822,False
3007978584,89866.90,0.008,1765422130822,False
3007978585,89867.10,0.005,1765422130822,False
3007978586,89867.60,0.003,1765422130823,False
3007978587,89868.30,0.003,1765422130825,False
3007978588,89868.70,0.003,1765422130825,False
3007978589,89869.20,0.003,1765422130825,False
3007978590,89869.40,0.006,1765422130825,False
3007978591,89869.50,0.005,1765422130825,False
3007978592,89869.70,0.005,1765422130825,False
3007978593,89870.00,0.057,1765422130833,False
3007978594,89870.40,0.030,1765422130844,False
3007978595,89870.50,0.002,1765422130892,False
3007978596,89870.90,0.003,1765422130892,False
3007978597,89871.40,0.013,1765422130892,False
3007978598,89871.90,0.003,1765422130892,False
3007978599,89872.20,0.029,1765422130895,False
3007978600,89872.40,0.011,1765422130900,False
3007978601,89872.30,2.915,1765422130986,True
3007978602,89872.20,0.004,1765422131077,True
3007978603,89872.10,0.010,1765422131077,True
3007978604,89872.00,0.002,1765422131077,True
3007978605,89870.30,0.008,1765422131086,True
3007978606,89870.00,0.002,1765422131086,True
3007978607,89869.50,0.005,1765422131086,True
3007978608,89868.30,0.003,1765422131094,True
3007978609,89868.10,0.002,1765422131094,True
3007978610,89867.80,0.134,1765422131094,True
3007978611,89867.50,0.003,1765422131096,True
3007978612,89867.40,0.003,1765422131096,True
3007978613,89867.10,0.007,1765422131096,True
3007978614,89866.90,0.004,1765422131096,True
3007978615,89866.80,0.004,1765422131096,True
3007978616,89866.70,0.002,1765422131096,True
3007978617,89866.60,0.134,1765422131096,True
3007978618,89866.50,0.002,1765422131096,True
3007978619,89866.30,0.005,1765422131096,True
3007978620,89866.10,0.003,1765422131096,True
3007978621,89866.00,0.002,1765422131096,True
3007978622,89865.90,0.264,1765422131096,True
3007978623,89865.80,0.054,1765422131096,True
3007978624,89865.70,0.002,1765422131099,True
3007978625,89865.60,0.005,1765422131099,True
3007978626,89865.50,0.003,1765422131099,True
3007978627,89865.40,0.095,1765422131099,True
3007978628,89865.30,0.003,1765422131099,True
3007978629,89865.00,0.004,1765422131099,True
3007978630,89864.90,0.002,1765422131099,True
3007978631,89864.80,0.005,1765422131107,True
3007978632,89864.70,0.008,1765422131107,True
3007978633,89864.40,0.005,1765422131107,True
3007978634,89864.30,0.003,1765422131107,True
3007978635,89864.20,0.005,1765422131107,True
3007978636,89864.10,0.002,1765422131107,True
3007978637,89863.90,0.002,1765422131109,True
3007978638,89863.80,0.005,1765422131109,True
3007978639,89863.60,0.002,1765422131110,True
3007978640,89863.40,0.006,1765422131110,True
3007978641,89863.30,0.003,1765422131110,True
3007978642,89863.20,0.002,1765422131110,True
3007978643,89865.20,0.006,1765422131116,False
3007978644,89863.00,0.013,1765422131176,True
3007978645,89863.10,0.169,1765422131325,False
3007978646,89863.00,0.017,1765422131391,True
3007978647,89863.10,0.342,1765422131469,False
3007978648,89863.20,0.006,1765422131469,False
3007978649,89863.60,0.003,1765422131476,False
3007978650,89864.30,0.003,1765422131476,False
3007978651,89864.60,0.006,1765422131476,False
3007978652,89864.80,0.003,1765422131476,False
3007978653,89865.00,0.005,1765422131476,False
3007978654,89865.40,0.009,1765422131488,False
3007978655,89865.90,0.016,1765422131492,False
3007978656,89865.80,1.206,1765422131497,True
3007978657,89865.90,0.018,1765422131629,False
3007978658,89866.00,0.002,1765422131629,False
3007978659,89866.40,0.005,1765422131633,False
3007978660,89867.10,0.002,1765422131636,False
3007978661,89867.20,0.003,1765422131636,False
3007978662,89867.50,0.003,1765422131636,False
3007978663,89867.70,0.003,1765422131636,False
3007978664,89867.90,0.003,1765422131636,False
3007978665,89868.00,0.002,1765422131636,False
3007978666,89868.50,0.003,1765422131636,False
3007978667,89869.00,0.003,1765422131637,False
3007978668,89869.10,0.003,1765422131637,False
3007978669,89869.40,0.004,1765422131637,False
3007978670,89869.50,0.003,1765422131637,False
3007978671,89869.60,0.066,1765422131637,False
3007978672,89869.80,0.002,1765422131637,False
3007978673,89870.00,0.005,1765422131637,False
3007978674,89870.40,0.005,1765422131637,False
3007978675,89870.50,0.007,1765422131637,False
3007978676,89870.80,0.002,1765422131637,False
3007978677,89871.00,0.005,1765422131637,False
3007978678,89871.10,0.002,1765422131637,False
3007978679,89871.20,0.003,1765422131637,False
3007978680,89871.50,0.003,1765422131637,False
3007978681,89872.10,0.229,1765422131637,False
3007978682,89872.20,0.080,1765422131637,False
3007978683,89872.30,0.003,1765422131637,False
3007978684,89872.40,0.093,1765422131637,False
3007978685,89872.60,0.049,1765422131637,False
3007978686,89872.60,0.351,1765422131748,False
3007978687,89872.70,0.002,1765422131748,False
3007978688,89872.90,0.003,1765422131748,False
3007978689,89873.40,0.002,1765422131748,False
3007978690,89873.60,0.003,1765422131752,False
3007978691,89873.80,0.002,1765422131752,False
3007978692,89874.00,0.002,1765422131752,False
3007978693,89874.10,0.003,1765422131752,False
3007978694,89874.30,0.008,1765422131752,False
3007978695,89874.40,0.005,1765422131757,False
3007978696,89874.50,0.010,1765422131763,False
3007978697,89874.60,0.003,1765422131763,False
3007978698,89874.80,0.002,1765422131763,False
3007978699,89875.10,0.006,1765422131763,False
3007978700,89875.40,0.045,1765422131770,False
3007978701,89875.60,0.003,1765422131779,False
3007978702,89876.10,0.003,1765422131779,False
3007978703,89876.60,0.003,1765422131779,False
3007978704,89876.70,0.002,1765422131779,False
3007978705,89876.80,0.003,1765422131779,False
3007978706,89877.10,0.006,1765422131789,False
3007978707,89877.20,0.004,1765422131791,False
3007978708,89877.60,0.005,1765422131791,False
3007978709,89877.90,0.003,1765422131798,False
3007978710,89878.00,0.025,1765422131801,False
3007978711,89878.10,0.005,1765422131819,False
3007978712,89878.70,0.003,1765422131819,False
3007978713,89878.90,0.004,1765422131819,False
3007978714,89879.30,0.002,1765422131819,False
3007978715,89879.40,0.027,1765422131822,False
3007978716,89879.60,0.043,1765422131869,False
3007978717,89879.70,0.002,1765422131881,False
3007978718,89880.00,0.002,1765422131881,False
3007978719,89880.10,0.003,1765422131881,False
3007978720,89880.50,0.002,1765422131883,False
3007978721,89880.60,0.005,1765422131883,False
3007978722,89880.90,0.003,1765422131883,False
3007978723,89881.20,0.004,1765422131883,False
3007978724,89881.30,0.003,1765422131883,False
3007978725,89881.40,0.002,1765422131883,False
3007978726,89881.60,0.006,1765422131887,False
3007978727,89881.70,0.003,1765422131887,False
3007978728,89881.90,0.002,1765422131887,False
3007978729,89882.00,0.002,1765422131887,False
3007978730,89882.10,0.003,1765422131887,False
3007978731,89882.30,0.006,1765422131891,False
3007978732,89882.50,0.003,1765422131891,False
3007978733,89882.80,0.002,1765422131891,False
3007978734,89882.90,0.003,1765422131891,False
3007978735,89883.00,0.002,1765422131891,False
3007978736,89883.20,0.005,1765422131894,False
3007978737,89883.50,0.178,1765422131897,False
3007978738,89883.60,0.015,1765422131908,False
3007978739,89884.20,0.004,1765422131912,False
3007978740,89884.30,0.003,1765422131912,False
3007978741,89884.50,0.002,1765422131912,False
3007978742,89884.80,0.007,1765422131916,False
3007978743,89885.60,0.024,1765422131920,False
3007978744,89885.70,0.370,1765422131925,False
3007978745,89885.80,0.002,1765422131983,False
3007978746,89886.20,0.003,1765422131983,False
3007978747,89886.60,0.499,1765422131996,True
3007978748,89886.70,0.023,1765422131998,False
3007978749,89887.10,0.002,1765422131998,False
3007978750,89887.20,0.005,1765422131998,False
3007978751,89887.40,0.002,1765422131998,False
3007978752,89887.60,0.273,1765422132006,True
3007978753,89887.70,0.009,1765422132087,False
3007978754,89887.60,0.002,1765422132142,True
3007978755,89887.70,0.011,1765422132163,False
3007978756,89887.60,0.020,1765422132402,True
3007978757,89887.70,0.006,1765422132833,False
3007978758,89887.60,0.149,1765422132956,True
3007978759,89887.50,0.002,1765422132958,True
3007978760,89887.20,0.002,1765422132959,True
3007978761,89886.80,0.057,1765422132963,True
3007978762,89886.60,0.007,1765422132970,True
3007978763,89886.50,0.002,1765422132971,True
3007978764,89885.60,0.004,1765422132973,True
3007978765,89885.50,0.049,1765422132986,True
3007978766,89885.50,0.004,1765422133091,True
3007978767,89885.50,0.279,1765422133258,True
3007978768,89885.50,0.010,1765422133439,True
3007978769,89885.60,0.081,1765422133588,False
3007978770,89885.50,0.003,1765422133724,True
3007978771,89885.50,0.991,1765422133840,True
3007978772,89885.40,0.002,1765422133847,True
3007978773,89885.30,0.010,1765422133950,True
3007978774,89885.30,0.008,1765422134075,True
3007978775,89885.30,0.161,1765422134297,True
3007978776,89885.20,0.004,1765422134297,True
3007978777,89885.10,0.062,1765422134297,True
3007978778,89884.90,0.155,1765422134297,True
3007978779,89884.60,0.002,1765422134297,True
3007978780,89884.50,0.002,1765422134297,True
3007978781,89884.20,0.003,1765422134302,True
3007978782,89883.70,0.003,1765422134302,True
3007978783,89883.40,0.003,1765422134302,True
3007978784,89883.20,0.055,1765422134302,True
3007978785,89883.00,0.052,1765422134304,True
3007978786,89882.70,0.003,1765422134304,True
3007978787,89882.60,0.005,1765422134304,True
3007978788,89882.10,0.003,1765422134313,True
3007978789,89881.90,0.002,1765422134330,True
3007978790,89881.40,0.003,1765422134330,True
3007978791,89880.60,0.006,1765422134368,True
3007978792,89880.50,0.004,1765422134388,True
3007978793,89880.00,0.002,1765422134395,True
3007978794,89879.80,0.003,1765422134395,True
3007978795,89879.50,0.003,1765422134395,True
3007978796,89879.40,0.003,1765422134395,True
3007978797,89879.30,0.006,1765422134409,True
3007978798,89879.20,0.002,1765422134409,True
3007978799,89878.80,0.019,1765422134412,True
3007978800,89877.90,0.023,1765422134418,True
3007978801,89877.60,0.002,1765422134422,True
3007978802,89877.20,0.002,1765422134422,True
3007978803,89877.10,0.003,1765422134422,True
3007978804,89877.00,0.002,1765422134422,True
3007978805,89876.70,0.030,1765422134424,True
3007978806,89876.60,0.002,1765422134486,True
3007978807,89876.30,0.003,1765422134486,True
3007978808,89875.70,0.002,1765422134486,True
3007978809,89875.60,0.154,1765422134499,False
3007978810,89875.60,0.015,1765422134740,False
3007978811,89875.60,0.005,1765422134893,False
3007978812,89875.50,0.006,1765422134937,True
3007978813,89875.50,0.003,1765422135080,True
3007978814,89875.60,0.010,1765422135292,False
3007978815,89875.60,0.025,1765422135487,False
3007978816,89875.60,0.003,1765422135733,False
3007978817,89875.50,0.007,1765422135864,True
3007978818,89875.50,0.159,1765422136016,True
3007978819,89875.60,0.002,1765422136120,False
3007978820,89875.50,0.063,1765422136252,True
3007978821,89875.40,0.007,1765422136253,True
3007978822,89875.30,0.198,1765422136253,True
3007978823,89875.00,0.003,1765422136255,True
3007978824,89874.80,0.040,1765422136267,True
3007978825,89874.60,0.002,1765422136275,True
3007978826,89874.50,0.003,1765422136275,True
3007978827,89874.40,0.032,1765422136292,True
3007978828,89874.30,0.018,1765422136367,True
3007978829,89874.10,0.002,1765422136367,True
3007978830,89874.00,0.008,1765422136371,True
3007978831,89873.90,0.004,1765422136371,True
3007978832,89873.80,0.002,1765422136371,True
3007978833,89873.50,0.006,1765422136371,True
3007978834,89873.10,0.032,1765422136388,True
3007978835,89873.00,0.006,1765422136391,True
3007978836,89872.70,0.003,1765422136391,True
3007978837,89872.60,0.003,1765422136391,True
3007978838,89872.50,0.027,1765422136395,True
3007978839,89872.40,0.002,1765422136430,True
3007978840,89872.10,0.005,1765422136430,True
3007978841,89871.60,0.002,1765422136430,True
3007978842,89871.50,0.005,1765422136430,True
3007978843,89871.10,0.005,1765422136430,True
3007978844,89871.00,0.056,1765422136440,True
3007978845,89870.90,0.002,1765422136440,True
3007978846,89870.80,0.022,1765422136447,True
3007978847,89870.90,0.030,1765422136665,False
3007978848,89870.80,0.038,1765422136867,True
3007978849,89870.80,0.027,1765422136968,True
3007978850,89870.90,0.001,1765422137004,False
3007978851,89870.80,0.228,1765422137030,True
3007978852,89870.80,0.045,1765422137160,True
3007978853,89870.70,0.025,1765422137160,True
3007978854,89870.60,0.080,1765422137160,True
3007978855,89870.30,0.004,1765422137160,True
3007978856,89870.20,0.002,1765422137160,True
3007978857,89869.90,0.003,1765422137160,True
3007978858,89869.40,0.003,1765422137160,True
3007978859,89868.90,0.005,1765422137160,True
3007978860,89868.80,0.005,1765422137160,True
3007978861,89868.60,0.031,1765422137160,True
3007978862,89868.50,0.002,1765422137160,True
3007978863,89868.40,0.003,1765422137160,True
3007978864,89868.10,0.076,1765422137163,True
3007978865,89868.20,0.748,1765422137272,False
3007978866,89868.10,0.560,1765422137384,True
3007978867,89868.20,0.012,1765422137563,False
3007978868,89868.20,0.002,1765422137880,False
3007978869,89868.20,0.005,1765422137993,False
3007978870,89868.20,0.003,1765422138094,False
3007978871,89868.10,0.002,1765422138108,True
3007978872,89868.20,0.004,1765422138251,False
3007978873,89868.20,0.002,1765422138568,False
3007978874,89868.20,0.092,1765422138697,False
3007978875,89868.10,0.002,1765422138747,True
3007978876,89868.10,0.002,1765422138915,True
3007978877,89868.20,0.010,1765422138969,False
3007978878,89868.10,0.013,1765422139049,True
3007978879,89868.20,0.003,1765422139088,False
3007978880,89868.10,0.004,1765422139234,True
3007978881,89868.10,0.115,1765422139463,True
3007978882,89868.00,0.007,1765422139463,True
3007978883,89867.90,0.199,1765422139463,True
3007978884,89867.50,0.039,1765422139463,True
3007978885,89867.10,0.002,1765422139463,True
3007978886,89867.00,0.003,1765422139463,True
3007978887,89866.50,0.008,1765422139468,True
3007978888,89866.40,0.003,1765422139468,True
3007978889,89866.30,0.012,1765422139468,True
3007978890,89866.10,0.006,1765422139468,True
3007978891,89866.00,0.002,1765422139468,True
3007978892,89865.80,0.062,1765422139468,True
3007978893,89865.60,0.005,1765422139493,True
3007978894,89865.50,0.003,1765422139493,True
3007978895,89865.10,0.003,1765422139493,True
3007978896,89865.00,0.002,1765422139493,True
3007978897,89864.20,0.003,1765422139506,True
3007978898,89864.10,0.004,1765422139506,True
3007978899,89863.70,0.005,1765422139506,True
3007978900,89863.50,0.003,1765422139506,True
3007978901,89863.30,0.003,1765422139506,True
3007978902,89863.20,0.002,1765422139506,True
3007978903,89863.00,0.039,1765422139517,True
3007978904,89862.90,0.003,1765422139529,True
3007978905,89863.00,0.284,1765422139530,False
3007978906,89862.90,0.030,1765422139658,True
3007978907,89863.00,0.050,1765422139714,False
3007978908,89862.90,0.094,1765422139830,True
3007978909,89863.00,0.452,1765422139878,False
3007978910,89863.10,0.079,1765422139878,False
3007978911,89863.80,0.003,1765422139882,False
3007978912,89864.40,0.003,1765422139882,False
3007978913,89865.00,0.010,1765422139882,False
3007978914,89865.70,0.006,1765422139887,False
3007978915,89865.80,0.003,1765422139887,False
3007978916,89865.90,0.011,1765422139891,False
3007978917,89866.10,0.002,1765422139891,False
3007978918,89866.30,0.003,1765422139891,False
3007978919,89866.80,0.016,1765422139897,False
3007978920,89866.90,0.006,1765422139900,False
3007978921,89867.10,0.002,1765422139900,False
3007978922,89867.60,0.003,1765422139900,False
3007978923,89867.70,0.003,1765422139900,False
3007978924,89867.90,0.047,1765422139907,False
3007978925,89868.20,0.128,1765422140144,False
3007978926,89868.10,0.006,1765422140259,True
3007978927,89868.20,0.001,1765422140284,False
3007978928,89868.20,3.185,1765422140439,False
3007978929,89868.30,0.296,1765422140441,False
3007978930,89868.50,0.003,1765422140441,False
3007978931,89869.00,0.003,1765422140443,False
3007978932,89869.10,0.002,1765422140443,False
3007978933,89869.50,0.033,1765422140443,False
3007978934,89869.60,0.003,1765422140443,False
3007978935,89870.00,0.004,1765422140443,False
3007978936,89870.10,0.003,1765422140443,False
3007978937,89870.20,0.008,1765422140443,False
3007978938,89870.40,0.017,1765422140443,False
3007978939,89870.60,0.005,1765422140443,False
3007978940,89871.00,0.005,1765422140443,False
3007978941,89871.10,0.005,1765422140443,False
3007978942,89871.30,0.002,1765422140443,False
3007978943,89871.60,0.005,1765422140443,False
3007978944,89871.80,0.006,1765422140443,False
3007978945,89872.10,0.005,1765422140452,False
3007978946,89872.60,0.003,1765422140452,False
3007978947,89872.70,0.003,1765422140456,False
3007978948,89872.90,0.003,1765422140456,False
3007978949,89873.10,0.003,1765422140462,False
3007978950,89873.60,0.003,1765422140462,False
3007978951,89873.70,0.032,1765422140466,False
3007978952,89873.80,0.017,1765422140473,False
3007978953,89873.80,1.066,1765422140583,False
3007978954,89873.90,0.002,1765422140588,False
3007978955,89874.00,0.004,1765422140588,False
3007978956,89874.40,0.002,1765422140588,False
3007978957,89874.50,0.003,1765422140588,False
3007978958,89875.00,0.013,1765422140588,False
3007978959,89875.10,0.002,1765422140588,False
3007978960,89875.30,0.004,1765422140588,False
3007978961,89875.50,0.045,1765422140882,True
3007978962,89875.40,0.004,1765422140940,True
3007978963,89874.00,0.002,1765422140941,True
3007978964,89873.80,0.002,1765422140941,True
3007978965,89873.70,0.006,1765422140941,True
3007978966,89873.50,0.003,1765422140941,True
3007978967,89873.10,0.055,1765422140945,True
3007978968,89872.70,0.003,1765422140945,True
3007978969,89872.60,0.077,1765422140945,True
3007978970,89872.50,0.002,1765422140951,True
3007978971,89872.00,0.010,1765422140951,True
3007978972,89871.70,0.003,1765422140951,True
3007978973,89871.60,0.007,1765422140951,True
3007978974,89871.50,0.006,1765422140951,True
3007978975,89871.30,0.017,1765422140951,True
3007978976,89871.10,0.003,1765422140951,True
3007978977,89870.90,0.003,1765422140951,True
3007978978,89870.30,0.038,1765422140951,True
3007978979,89870.10,0.003,1765422140951,True
3007978980,89870.00,0.002,1765422140951,True
3007978981,89869.60,0.016,1765422140990,True
3007978982,89869.10,0.003,1765422141013,True
3007978983,89869.00,0.005,1765422141013,True
3007978984,89868.90,0.003,1765422141013,True
3007978985,89868.50,0.003,1765422141013,True
3007978986,89868.40,0.050,1765422141013,True
3007978987,89868.20,0.050,1765422141013,True
3007978988,89868.10,0.081,1765422141013,True
3007978989,89867.80,0.003,1765422141013,True
3007978990,89867.70,0.003,1765422141013,True
3007978991,89867.60,0.002,1765422141013,True
3007978992,89867.30,0.003,1765422141013,True
3007978993,89867.10,0.002,1765422141013,True
3007978994,89866.90,0.003,1765422141013,True
3007978995,89866.80,0.004,1765422141013,True
3007978996,89866.70,0.002,1765422141013,True
3007978997,89866.60,0.003,1765422141013,True
3007978998,89866.30,0.003,1765422141013,True
3007978999,89866.00,0.002,1765422141013,True
3007979000,89865.90,0.002,1765422141013,True
3007979001,89865.80,0.003,1765422141013,True
3007979002,89865.70,0.003,1765422141013,True
3007979003,89865.10,0.002,1765422141013,True
3007979004,89865.00,0.007,1765422141013,True
3007979005,89864.90,0.008,1765422141013,True
3007979006,89864.70,0.002,1765422141013,True
3007979007,89864.50,0.003,1765422141013,True
3007979008,89864.10,0.004,1765422141013,True
3007979009,89864.00,0.003,1765422141013,True
3007979010,89863.80,0.002,1765422141013,True
3007979011,89863.70,0.003,1765422141013,True
3007979012,89863.50,0.003,1765422141013,True
3007979013,89863.20,0.002,1765422141013,True
3007979014,89863.00,0.004,1765422141013,True
3007979015,89862.90,0.115,1765422141013,True
3007979016,89862.80,1.068,1765422141013,True
3007979017,89862.90,0.002,1765422141022,False
3007979018,89862.80,0.349,1765422141046,True
3007979019,89862.90,0.145,1765422141105,False
3007979020,89862.90,0.031,1765422141356,False
3007979021,89862.80,0.512,1765422141366,True
3007979022,89862.80,0.002,1765422141514,True
3007979023,89862.90,0.187,1765422141691,False
3007979024,89863.00,0.004,1765422141691,False
3007979025,89863.40,0.003,1765422141692,False
3007979026,89863.90,0.003,1765422141692,False
3007979027,89864.40,0.003,1765422141693,False
3007979028,89864.90,0.006,1765422141693,False
3007979029,89865.00,0.057,1765422141699,False
3007979030,89865.20,0.003,1765422141704,False
3007979031,89865.70,0.003,1765422141704,False
3007979032,89865.80,0.003,1765422141704,False
3007979033,89865.90,0.002,1765422141704,False
3007979034,89866.50,0.009,1765422141709,False
3007979035,89866.60,0.003,1765422141709,False
3007979036,89867.10,0.002,1765422141709,False
3007979037,89867.30,0.006,1765422141709,False
3007979038,89867.70,0.016,1765422141713,True
3007979039,89867.80,0.006,1765422141713,False
3007979040,89868.00,0.003,1765422141713,False
3007979041,89868.10,0.031,1765422141738,True
3007979042,89868.20,0.053,1765422142095,False
3007979043,89868.30,0.005,1765422142095,False
3007979044,89868.40,0.002,1765422142095,False
3007979045,89868.80,0.005,1765422142095,False
3007979046,89869.30,0.003,1765422142095,False
3007979047,89869.80,0.003,1765422142095,False
3007979048,89870.00,0.002,1765422142095,False
3007979049,89870.30,0.003,1765422142095,False
3007979050,89870.50,0.002,1765422142095,False
3007979051,89870.80,0.005,1765422142095,False
3007979052,89871.10,0.005,1765422142095,False
3007979053,89871.30,0.069,1765422142095,False
3007979054,89871.50,0.032,1765422142103,False
3007979055,89872.20,0.003,1765422142107,False
3007979056,89872.50,0.019,1765422142111,False
3007979057,89872.70,0.003,1765422142115,False
3007979058,89873.20,0.003,1765422142115,False
3007979059,89873.30,0.002,1765422142115,False
3007979060,89873.70,0.066,1765422142190,False
3007979061,89873.60,0.004,1765422142220,True
3007979062,89873.70,0.106,1765422142548,False
3007979063,89873.80,0.004,1765422142549,False
3007979064,89874.00,0.002,1765422142549,False
3007979065,89874.20,0.003,1765422142549,False
3007979066,89874.30,0.002,1765422142549,False
3007979067,89874.40,0.002,1765422142549,False
3007979068,89874.50,0.003,1765422142549,False
3007979069,89874.80,0.003,1765422142549,False
3007979070,89874.90,0.011,1765422142549,False
3007979071,89875.30,0.003,1765422142550,False
3007979072,89875.50,0.004,1765422142550,False
3007979073,89875.60,0.082,1765422142550,False
3007979074,89875.50,0.010,1765422142973,True
3007979075,89875.60,5.052,1765422143031,False
3007979076,89875.70,0.013,1765422143034,False
3007979077,89876.10,0.003,1765422143035,False
3007979078,89876.60,0.003,1765422143035,False
3007979079,89876.70,0.002,1765422143035,False
3007979080,89876.90,0.003,1765422143035,False
3007979081,89877.20,0.013,1765422143046,False
3007979082,89877.60,0.003,1765422143050,False
3007979083,89878.00,0.003,1765422143050,False
3007979084,89878.10,0.003,1765422143050,False
3007979085,89878.60,0.002,1765422143050,False
3007979086,89878.90,0.003,1765422143050,False
3007979087,89879.40,0.005,1765422143051,False
3007979088,89879.60,0.051,1765422143051,False
3007979089,89879.90,0.002,1765422143051,False
3007979090,89880.00,0.004,1765422143051,False
3007979091,89880.10,0.003,1765422143055,False
3007979092,89880.50,0.002,1765422143055,False
3007979093,89880.70,0.003,1765422143055,False
3007979094,89880.80,0.003,1765422143055,False
3007979095,89881.20,0.010,1765422143055,False
3007979096,89881.40,0.005,1765422143061,False
3007979097,89881.50,0.003,1765422143061,False
3007979098,89881.90,0.003,1765422143061,False
3007979099,89882.00,0.004,1765422143061,False
3007979100,89882.20,0.045,1765422143061,False
3007979101,89882.30,0.003,1765422143065,False
3007979102,89882.40,0.003,1765422143065,False
3007979103,89882.50,0.002,1765422143065,False
3007979104,89882.70,0.530,1765422143065,False
3007979105,89882.80,0.008,1765422143065,False
3007979106,89883.00,0.013,1765422143065,False
3007979107,89883.40,0.007,1765422143065,False
3007979108,89883.80,0.002,1765422143065,False
3007979109,89883.90,0.058,1765422143066,False
3007979110,89884.00,0.002,1765422143066,False
3007979111,89884.30,0.003,1765422143066,False
3007979112,89884.40,0.003,1765422143066,False
3007979113,89884.60,0.002,1765422143067,False
3007979114,89884.70,0.002,1765422143067,False
3007979115,89884.90,0.003,1765422143067,False
3007979116,89885.00,0.002,1765422143067,False
3007979117,89885.10,0.005,1765422143067,False
3007979118,89885.20,0.033,1765422143067,False
3007979119,89885.40,0.081,1765422143085,False
3007979120,89885.50,0.003,1765422143094,False
3007979121,89885.60,0.002,1765422143094,False
3007979122,89885.70,0.003,1765422143094,False
3007979123,89886.00,0.002,1765422143094,False
3007979124,89886.20,0.003,1765422143094,False
3007979125,89886.70,0.003,1765422143094,False
3007979126,89886.80,0.016,1765422143103,False
3007979127,89886.80,0.009,1765422143108,True
3007979128,89886.90,0.004,1765422143113,False
3007979129,89886.80,0.400,1765422143196,True
3007979130,89886.80,0.011,1765422143851,True
3007979131,89886.90,0.003,1765422143869,False
3007979132,89886.90,0.096,1765422143984,False
3007979133,89886.80,0.005,1765422144104,True
3007979134,89886.90,0.015,1765422144724,False
3007979135,89886.90,0.211,1765422144882,False
3007979136,89886.90,1.000,1765422145018,False
3007979137,89886.80,5.158,1765422145105,True
3007979138,89886.70,0.090,1765422145117,True
3007979139,89886.60,0.256,1765422145117,True
3007979140,89886.40,0.077,1765422145117,True
3007979141,89885.70,0.005,1765422145117,True
3007979142,89885.50,0.012,1765422145117,True
3007979143,89885.30,0.006,1765422145117,True
3007979144,89885.20,0.002,1765422145117,True
3007979145,89885.00,0.007,1765422145117,True
3007979146,89884.70,0.003,1765422145117,True
3007979147,89884.50,0.003,1765422145117,True
3007979148,89884.10,0.012,1765422145117,True
3007979149,89884.00,0.003,1765422145117,True
3007979150,89883.90,0.003,1765422145117,True
3007979151,89883.70,0.002,1765422145117,True
3007979152,89883.40,0.003,1765422145117,True
3007979153,89883.30,0.112,1765422145117,True
3007979154,89883.10,0.003,1765422145117,True
3007979155,89883.00,0.004,1765422145117,True
3007979156,89882.70,0.007,1765422145117,True
3007979157,89882.40,0.094,1765422145117,True
3007979158,89882.30,0.150,1765422145117,True
3007979159,89882.20,0.002,1765422145117,True
3007979160,89882.10,0.123,1765422145117,True
3007979161,89882.00,0.003,1765422145117,True
3007979162,89881.60,0.003,1765422145117,True
3007979163,89881.50,0.003,1765422145117,True
3007979164,89881.30,0.008,1765422145117,True
3007979165,89881.20,0.002,1765422145117,True
3007979166,89881.10,0.002,1765422145117,True
3007979167,89880.90,0.003,1765422145117,True
3007979168,89880.80,0.115,1765422145117,True
3007979169,89880.70,0.012,1765422145117,True
3007979170,89880.50,0.002,1765422145117,True
3007979171,89880.30,0.035,1765422145117,True
3007979172,89880.10,0.004,1765422145117,True
3007979173,89880.00,0.009,1765422145117,True
3007979174,89879.90,0.003,1765422145117,True
3007979175,89879.60,0.080,1765422145117,True
3007979176,89879.50,0.114,1765422145117,True
3007979177,89879.40,0.010,1765422145117,True
3007979178,89879.30,0.002,1765422145117,True
3007979179,89879.20,0.012,1765422145117,True
3007979180,89879.10,0.005,1765422145117,True
3007979181,89878.80,0.003,1765422145117,True
3007979182,89878.40,0.008,1765422145117,True
3007979183,89878.30,0.013,1765422145117,True
3007979184,89878.20,0.395,1765422145117,True
3007979185,89878.10,0.114,1765422145117,True
3007979186,89878.00,0.005,1765422145117,True
3007979187,89877.80,0.213,1765422145117,True
3007979188,89877.70,0.003,1765422145117,True
3007979189,89877.60,0.004,1765422145117,True
3007979190,89877.50,0.003,1765422145117,True
3007979191,89877.40,0.002,1765422145117,True
3007979192,89877.30,0.003,1765422145117,True
3007979193,89877.20,0.005,1765422145117,True
3007979194,89877.10,0.114,1765422145117,True
3007979195,89877.00,0.007,1765422145117,True
3007979196,89876.90,0.002,1765422145117,True
3007979197,89876.50,0.005,1765422145117,True
3007979198,89876.40,0.003,1765422145117,True
3007979199,89876.30,0.003,1765422145117,True
3007979200,89876.10,0.222,1765422145117,True
3007979201,89876.00,0.336,1765422145117,True
3007979202,89875.90,0.003,1765422145117,True
3007979203,89875.80,0.003,1765422145117,True
3007979204,89875.60,0.002,1765422145117,True
3007979205,89875.50,0.058,1765422145117,True
3007979206,89875.40,0.002,1765422145117,True
3007979207,89875.30,0.005,1765422145117,True
3007979208,89875.10,0.005,1765422145117,True
3007979209,89875.00,0.004,1765422145117,True
3007979210,89874.90,0.002,1765422145117,True
3007979211,89874.70,0.212,1765422145117,True
3007979212,89874.60,0.115,1765422145117,True
3007979213,89874.50,0.004,1765422145117,True
3007979214,89874.40,0.002,1765422145117,True
3007979215,89874.30,0.003,1765422145117,True
3007979216,89874.20,1.218,1765422145117,True
3007979217,89874.10,0.220,1765422145117,True
3007979218,89874.00,0.002,1765422145117,True
3007979219,89873.90,0.211,1765422145117,True
3007979220,89873.80,0.004,1765422145117,True
3007979221,89873.70,0.679,1765422145117,True
3007979222,89873.60,0.083,1765422145117,True
3007979223,89873.50,0.115,1765422145117,True
3007979224,89873.40,1.108,1765422145117,True
3007979225,89873.30,0.282,1765422145117,True
3007979226,89873.20,0.127,1765422145117,True
3007979227,89873.30,0.061,1765422145204,False
3007979228,89873.30,0.350,1765422145205,True
3007979229,89873.40,0.002,1765422145206,False
3007979230,89873.70,0.003,1765422145206,False
3007979231,89873.80,0.002,1765422145206,False
3007979232,89874.00,0.002,1765422145206,False
3007979233,89874.20,0.003,1765422145206,False
3007979234,89874.90,0.003,1765422145206,False
3007979235,89875.30,0.003,1765422145206,False
3007979236,89875.40,0.006,1765422145209,False
3007979237,89875.90,0.048,1765422145216,False
3007979238,89876.00,0.017,1765422145297,False
3007979239,89875.90,0.259,1765422145401,True
3007979240,89875.90,0.001,1765422145656,True
3007979241,89876.00,0.100,1765422145748,False
3007979242,89876.00,0.192,1765422145974,False
3007979243,89875.90,0.002,1765422146096,True
3007979244,89876.00,0.003,1765422146107,False
3007979245,89875.90,0.057,1765422146178,True
3007979246,89875.80,0.007,1765422146178,True
3007979247,89875.70,0.201,1765422146178,True
3007979248,89874.00,0.005,1765422146185,True
3007979249,89873.80,0.005,1765422146185,True
3007979250,89873.30,0.003,1765422146185,True
3007979251,89873.20,0.007,1765422146185,True
3007979252,89873.00,0.006,1765422146192,True
3007979253,89872.70,0.003,1765422146192,True
3007979254,89872.60,0.003,1765422146192,True
3007979255,89872.20,0.006,1765422146197,True
3007979256,89871.60,0.002,1765422146201,True
3007979257,89871.50,0.003,1765422146201,True
3007979258,89871.00,0.005,1765422146201,True
3007979259,89870.80,0.003,1765422146201,True
3007979260,89870.70,0.001,1765422146780,False
3007979261,89870.60,0.025,1765422146824,True
3007979262,89870.60,0.048,1765422146931,True
3007979263,89870.50,0.005,1765422146985,True
3007979264,89870.40,0.198,1765422146985,True
3007979265,89870.20,0.002,1765422146985,True
3007979266,89869.90,0.003,1765422146987,True
3007979267,89869.20,0.008,1765422146987,True
3007979268,89869.10,0.013,1765422146987,True
3007979269,89868.80,0.002,1765422146987,True
3007979270,89868.60,0.003,1765422146987,True
3007979271,89868.40,0.003,1765422146987,True
3007979272,89868.00,0.002,1765422146987,True
3007979273,89867.90,0.010,1765422146987,True
3007979274,89867.80,0.002,1765422146987,True
3007979275,89867.60,0.003,1765422146987,True
3007979276,89867.30,0.003,1765422146990,True
3007979277,89867.20,0.002,1765422146990,True
3007979278,89867.10,0.002,1765422146990,True
3007979279,89866.80,0.003,1765422146990,True
3007979280,89866.70,0.024,1765422146996,True
3007979281,89866.60,0.002,1765422146998,True
3007979282,89866.40,0.003,1765422146998,True
3007979283,89866.30,0.003,1765422146998,True
3007979284,89866.10,0.003,1765422146998,True
3007979285,89866.00,0.002,1765422146998,True
3007979286,89865.60,0.002,1765422146998,True
3007979287,89865.50,0.016,1765422147000,True
3007979288,89865.60,0.040,1765422147020,False
3007979289,89865.50,0.301,1765422147116,True
3007979290,89865.60,0.146,1765422147127,False
3007979291,89865.60,0.005,1765422147549,False
3007979292,89865.60,0.002,1765422147894,False
3007979293,89865.50,0.002,1765422147955,True
3007979294,89865.50,0.002,1765422148169,True
3007979295,89865.50,0.003,1765422148404,True
3007979296,89865.50,0.007,1765422148602,True
3007979297,89865.50,0.003,1765422148870,True
3007979298,89865.60,0.009,1765422148878,False
3007979299,89865.50,0.027,1765422149204,True
3007979300,89865.50,0.002,1765422149391,True
3007979301,89865.60,0.062,1765422149453,False
3007979302,89865.60,0.002,1765422149626,False
3007979303,89865.50,0.008,1765422149720,True
3007979304,89865.60,0.012,1765422149888,False
3007979305,89865.50,0.003,1765422149917,True
3007979306,89865.60,0.003,1765422149938,False
3007979307,89865.50,0.207,1765422149996,True
3007979308,89865.60,0.011,1765422150158,False
3007979309,89865.60,0.206,1765422150315,False
3007979310,89865.70,0.254,1765422150408,False
3007979311,89866.10,0.003,1765422150408,False
3007979312,89866.70,0.003,1765422150409,False
3007979313,89866.80,0.011,1765422150409,False
3007979314,89867.10,0.002,1765422150409,False
3007979315,89867.20,0.003,1765422150409,False
3007979316,89867.40,0.008,1765422150409,False
3007979317,89867.60,0.003,1765422150409,False
3007979318,89867.70,0.058,1765422150409,False
3007979319,89868.20,0.009,1765422150413,False
3007979320,89868.40,0.002,1765422150413,False
3007979321,89868.60,0.033,1765422150417,False
3007979322,89868.70,0.003,1765422150417,False
3007979323,89869.10,0.252,1765422150466,False
3007979324,89869.20,0.004,1765422150470,False
3007979325,89869.30,0.002,1765422150470,False
3007979326,89869.40,0.003,1765422150470,False
3007979327,89869.80,0.002,1765422150470,False
3007979328,89870.00,0.009,1765422150470,False
3007979329,89870.10,0.004,1765422150472,True
3007979330,89870.70,0.003,1765422150474,False
3007979331,89870.80,0.006,1765422150474,False
3007979332,89870.90,2.172,1765422150592,False
3007979333,89871.00,0.005,1765422150598,False
3007979334,89871.10,0.002,1765422150598,False
3007979335,89871.40,0.003,1765422150598,False
3007979336,89871.60,0.002,1765422150598,False
3007979337,89871.90,0.010,1765422150598,False
3007979338,89872.20,0.003,1765422150601,False
3007979339,89872.30,0.002,1765422150601,False
3007979340,89872.50,0.002,1765422150601,False
3007979341,89872.70,0.003,1765422150604,False
3007979342,89872.90,0.003,1765422150604,False
3007979343,89873.10,0.023,1765422150604,False
3007979344,89873.30,0.003,1765422150604,False
3007979345,89873.70,0.115,1765422150608,False
3007979346,89873.80,0.005,1765422150614,False
3007979347,89874.00,0.013,1765422150614,False
3007979348,89874.10,0.003,1765422150614,False
3007979349,89874.40,0.008,1765422150665,False
3007979350,89874.50,0.002,1765422150666,False
3007979351,89874.60,0.003,1765422150666,False
3007979352,89875.10,0.005,1765422150666,False
3007979353,89875.60,0.020,1765422150708,False
3007979354,89875.70,0.002,1765422150708,False
3007979355,89876.00,0.017,1765422150710,False
3007979356,89876.10,0.003,1765422150714,False
3007979357,89876.30,0.002,1765422150714,False
3007979358,89876.40,0.002,1765422150714,False
3007979359,89876.50,0.002,1765422150714,False
3007979360,89876.70,0.014,1765422150717,False
3007979361,89877.20,0.005,1765422150718,False
3007979362,89877.50,0.002,1765422150718,False
