TradeID,Price,Quantity,Timestamp,Is_Sell_Order
706049916,2.0035,1975.1,1765421867600,False
706049917,2.0036,19.9,1765421867961,False
706049918,2.0035,3.7,1765421868395,True
706049919,2.0035,3.2,1765421868733,True
706049920,2.0036,105.1,1765421868806,False
706049921,2.0037,161.7,1765421869010,False
706049922,2.0037,1235.7,1765421869933,True
706049923,2.0037,6.0,1765421870140,True
706049924,2.0037,46.4,1765421870892,True
706049925,2.0037,6.1,1765421872182,True
706049926,2.0038,7.4,1765421872251,False
706049927,2.0037,2.9,1765421872399,True
706049928,2.0038,99.8,1765421872467,False
706049929,2.0037,6.0,1765421873161,True
706049930,2.0038,15.0,1765421873389,False
706049931,2.0038,247.7,1765421873525,False
706049932,2.0038,100.5,1765421873792,False
706049933,2.0038,122.1,1765421873941,False
706049934,2.0038,28.3,1765421873958,True
706049935,2.0039,10.3,1765421873967,False
706049936,2.0040,98.9,1765421874103,False
706049937,2.0039,5.7,1765421874155,True
706049938,2.0039,4.9,1765421874891,True
706049939,2.0039,40.1,1765421875113,True
706049940,2.0039,2428.5,1765421875412,True
706049941,2.0038,4.9,1765421875456,True
706049942,2.0038,952.2,1765421875789,False
706049943,2.0037,6.0,1765421876181,True
706049944,2.0038,4.3,1765421876292,False
706049945,2.0037,3.9,1765421877085,True
706049946,2.0037,44.0,1765421877893,True
706049947,2.0037,10.8,1765421878666,True
706049948,2.0037,43.6,1765421878857,True
706049949,2.0038,9.9,1765421879026,False
706049950,2.0037,6.0,1765421879029,True
706049951,2.0037,99.8,1765421879407,True
706049952,2.0038,12.4,1765421879541,False
706049953,2.0037,180.0,1765421879768,True
706049954,2.0037,69.3,1765421880528,True
706049955,2.0037,6.5,1765421880705,True
706049956,2.0038,8347.2,1765421881353,False
706049957,2.0039,1390.4,1765421881353,False
706049958,2.0038,27.6,1765421881371,True
706049959,2.0039,4.6,1765421881513,False
706049960,2.0039,14.3,1765421881710,False
706049961,2.0038,6.2,1765421881890,True
706049962,2.0038,6.0,1765421882061,True
706049963,2.0038,4.9,1765421882458,True
706049964,2.0038,3.0,1765421882939,True
706049965,2.0038,580.9,1765421884645,True
706049966,2.0038,32.8,1765421884755,True
706049967,2.0038,86.0,1765421884995,True
706049968,2.0038,11.7,1765421885218,True
706049969,2.0039,3.8,1765421885334,False
706049970,2.0038,22.0,1765421885400,True
706049971,2.0038,20.4,1765421885641,True
706049972,2.0038,542.3,1765421885836,True
706049973,2.0038,38.2,1765421886191,True
706049974,2.0039,7.4,1765421886617,False
706049975,2.0038,13654.7,1765421886650,True
706049976,2.0037,679.1,1765421886654,True
706049977,2.0036,20.4,1765421886657,True
706049978,2.0035,7004.2,1765421886730,True
706049979,2.0035,358.9,1765421887837,True
706049980,2.0035,6.0,1765421888117,True
706049981,2.0035,283.8,1765421888505,True
706049982,2.0035,11.4,1765421888718,True
706049983,2.0035,12.2,1765421888858,True
706049984,2.0035,15.8,1765421889017,True
706049985,2.0035,85.8,1765421889482,True
706049986,2.0035,4.5,1765421889711,True
706049987,2.0036,84.2,1765421889848,False
706049988,2.0035,131.4,1765421889850,True
706049989,2.0035,23.2,1765421890050,True
706049990,2.0035,4247.7,1765421890417,True
706049991,2.0034,4777.5,1765421890417,True
706049992,2.0034,20.0,1765421890521,True
706049993,2.0034,6.0,1765421891150,True
706049994,2.0034,311.8,1765421891488,True
706049995,2.0033,20.2,1765421891519,True
706049996,2.0033,6.0,1765421891687,False
706049997,2.0032,1169.5,1765421891697,True
706049998,2.0031,4.3,1765421891934,True
706049999,2.0032,14.9,1765421892545,False
706050000,2.0031,13.6,1765421893179,True
706050001,2.0032,167.1,1765421893296,False
706050002,2.0031,204.9,1765421893573,True
706050003,2.0032,3.7,1765421894001,False
706050004,2.0031,13.4,1765421894164,True
706050005,2.0032,5.3,1765421894432,False
706050006,2.0031,1347.1,1765421895064,True
706050007,2.0030,3224.0,1765421895269,True
706050008,2.0029,648.3,1765421895275,True
706050009,2.0028,4413.0,1765421895459,True
706050010,2.0027,4.9,1765421895569,True
706050011,2.0028,2115.8,1765421895619,False
706050012,2.0029,52.3,1765421895625,False
706050013,2.0029,3.7,1765421895891,True
706050014,2.0030,4.6,1765421896289,False
706050015,2.0029,238.9,1765421896635,True
706050016,2.0029,6.0,1765421897026,True
706050017,2.0030,1.2,1765421897468,False
706050018,2.0029,4.2,1765421897893,True
706050019,2.0030,1743.9,1765421898081,False
706050020,2.0031,2946.8,1765421898084,False
706050021,2.0032,4.9,1765421898587,False
706050022,2.0032,128.9,1765421898768,False
706050023,2.0032,7.4,1765421899806,False
706050024,2.0031,6.0,1765421900059,True
706050025,2.0032,208.6,1765421900429,False
706050026,2.0032,676.5,1765421900592,False
706050027,2.0033,91.7,1765421900599,False
706050028,2.0033,2.7,1765421900957,True
706050029,2.0033,507.1,1765421901878,True
706050030,2.0033,3.9,1765421902291,True
706050031,2.0033,45.7,1765421902662,True
706050032,2.0033,6.0,1765421903085,True
706050033,2.0034,272.4,1765421903293,False
706050034,2.0034,174.1,1765421903340,True
706050035,2.0035,4.0,1765421903461,False
706050036,2.0034,10.8,1765421903613,True
706050037,2.0033,5.5,1765421904253,True
706050038,2.0033,6.0,1765421906119,True
706050039,2.0034,285.3,1765421906753,False
706050040,2.0035,190.4,1765421906861,False
706050041,2.0035,9651.8,1765421907019,True
706050042,2.0034,9602.7,1765421907019,True
706050043,2.0034,37.7,1765421907299,True
706050044,2.0034,373.1,1765421907531,True
706050045,2.0035,100.0,1765421907704,False
706050046,2.0034,222.8,1765421907835,True
706050047,2.0034,36.1,1765421907978,True
706050048,2.0034,12.2,1765421908448,True
706050049,2.0034,6.0,1765421909158,True
706050050,2.0034,3.3,1765421910008,True
706050051,2.0035,88.3,1765421910217,False
706050052,2.0034,99.8,1765421910221,True
706050053,2.0035,77.9,1765421910525,False
706050054,2.0034,72.9,1765421910893,True
706050055,2.0034,6.0,1765421911326,True
706050056,2.0035,70.7,1765421911546,False
706050057,2.0036,200.1,1765421911597,False
706050058,2.0036,105.8,1765421912157,True
706050059,2.0037,61.2,1765421912289,False
706050060,2.0038,420.4,1765421912422,False
706050061,2.0039,20.2,1765421912611,False
706050062,2.0039,13.5,1765421912879,True
706050063,2.0040,81.8,1765421913659,False
706050064,2.0039,2000.0,1765421913834,True
706050065,2.0039,4.6,1765421913949,True
706050066,2.0039,36.4,1765421914124,True
706050067,2.0039,18.8,1765421914290,True
706050068,2.0039,31.2,1765421914569,True
706050069,2.0039,6.0,1765421915011,True
706050070,2.0040,4.6,1765421915131,False
706050071,2.0039,4.5,1765421916081,True
706050072,2.0039,20.6,1765421916222,True
706050073,2.0040,377.1,1765421916608,False
706050074,2.0040,3.0,1765421916894,False
706050075,2.0040,934.4,1765421917070,False
706050076,2.0040,4.8,1765421917558,True
706050077,2.0041,1346.3,1765421917836,False
706050078,2.0042,1547.2,1765421917839,False
706050079,2.0043,3681.5,1765421917848,False
706050080,2.0044,2886.0,1765421917854,False
706050081,2.0044,7.9,1765421918038,False
706050082,2.0043,6.0,1765421918109,True
706050083,2.0044,4.9,1765421918145,False
706050084,2.0045,19.1,1765421918885,False
706050085,2.0044,5.5,1765421919277,True
706050086,2.0044,46.1,1765421920487,True
706050087,2.0044,54615.0,1765421920654,True
706050088,2.0043,4184.6,1765421920669,True
706050089,2.0042,886.8,1765421920669,True
706050090,2.0043,97.7,1765421920696,False
706050091,2.0044,66.8,1765421920696,False
706050092,2.0041,6.0,1765421921154,True
706050093,2.0041,5.3,1765421921278,True
706050094,2.0042,3.8,1765421921453,False
706050095,2.0041,5024.8,1765421922667,True
706050096,2.0040,219.7,1765421922798,True
706050097,2.0039,101.2,1765421922803,True
706050098,2.0039,12.2,1765421923997,True
706050099,2.0039,6.0,1765421924181,True
706050100,2.0040,183.7,1765421924242,False
706050101,2.0039,6910.1,1765421924737,True
706050102,2.0038,220.4,1765421924738,True
706050103,2.0037,5.7,1765421924989,True
706050104,2.0037,4267.1,1765421925341,True
706050105,2.0036,10.8,1765421925761,True
706050106,2.0037,4.6,1765421925807,False
706050107,2.0037,24.9,1765421926137,False
706050108,2.0036,21.7,1765421926184,True
706050109,2.0037,130.2,1765421926305,False
706050110,2.0038,21.3,1765421926312,False
706050111,2.0038,59.3,1765421926453,True
706050112,2.0038,9.3,1765421927197,True
706050113,2.0039,5.9,1765421927679,False
706050114,2.0039,3.0,1765421928892,False
706050115,2.0038,3.9,1765421929649,True
706050116,2.0038,11.0,1765421930036,True
706050117,2.0039,3.8,1765421930466,False
706050118,2.0038,4163.8,1765421930783,True
706050119,2.0038,6.5,1765421931522,True
706050120,2.0039,44.2,1765421932569,False
706050121,2.0038,31.3,1765421932589,True
706050122,2.0038,12.0,1765421933041,True
706050123,2.0038,46.0,1765421933253,True
706050124,2.0037,6.0,1765421936153,True
706050125,2.0038,5.2,1765421936507,False
706050126,2.0037,200.0,1765421936699,True
706050127,2.0038,15.0,1765421937153,False
706050128,2.0038,500.4,1765421938180,False
706050129,2.0038,12.4,1765421938431,False
706050130,2.0037,6.0,1765421939172,True
706050131,2.0038,4.0,1765421939981,False
706050132,2.0037,11.4,1765421939981,True
706050133,2.0037,32.2,1765421941215,True
706050134,2.0037,1299.0,1765421941876,True
706050135,2.0036,49.8,1765421941919,True
706050136,2.0036,381.6,1765421941995,False
706050137,2.0035,6.0,1765421942016,True
706050138,2.0036,91.8,1765421942218,False
706050139,2.0035,15.9,1765421942612,True
706050140,2.0035,60.7,1765421942893,True
706050141,2.0036,6.0,1765421943804,False
706050142,2.0035,30.0,1765421944027,True
706050143,2.0035,104.3,1765421944258,True
706050144,2.0035,6.4,1765421944436,True
706050145,2.0035,57.3,1765421944763,True
706050146,2.0035,47.8,1765421944924,True
706050147,2.0036,50.0,1765421944988,False
706050148,2.0035,73.8,1765421945035,True
706050149,2.0036,4.6,1765421945111,False
706050150,2.0035,12.4,1765421945123,True
706050151,2.0035,168.6,1765421945259,True
706050152,2.0036,412.3,1765421945546,False
706050153,2.0035,34.6,1765421945884,True
706050154,2.0035,5.2,1765421946090,True
706050155,2.0036,5171.0,1765421946436,False
706050156,2.0035,19.0,1765421946537,True
706050157,2.0035,43.6,1765421946840,True
706050158,2.0035,39.9,1765421947014,True
706050159,2.0035,27.0,1765421947090,False
706050160,2.0034,7.6,1765421947101,True
706050161,2.0034,19.7,1765421947207,True
706050162,2.0035,801.6,1765421947588,False
706050163,2.0034,175.3,1765421947699,True
706050164,2.0034,51.1,1765421947818,True
706050165,2.0034,757.3,1765421948104,True
706050166,2.0033,6.0,1765421948111,True
706050167,2.0033,4.5,1765421948562,True
706050168,2.0033,662.1,1765421948691,True
706050169,2.0033,662.1,1765421949221,True
706050170,2.0034,50.0,1765421949373,False
706050171,2.0033,26.6,1765421949446,True
706050172,2.0034,3.9,1765421949479,False
706050173,2.0033,9.2,1765421949771,True
706050174,2.0034,14.5,1765421949824,False
706050175,2.0033,458.0,1765421949991,True
706050176,2.0033,414.8,1765421950105,True
706050177,2.0033,5.8,1765421950624,True
706050178,2.0033,6.0,1765421951161,True
706050179,2.0034,5109.0,1765421952335,False
706050180,2.0035,3724.2,1765421952345,False
706050181,2.0036,778.8,1765421952385,False
706050182,2.0035,20.5,1765421952651,True
706050183,2.0035,17.8,1765421953371,True
706050184,2.0035,17.2,1765421954075,True
706050185,2.0035,15.6,1765421955304,True
706050186,2.0035,99.8,1765421955442,True
706050187,2.0035,275.7,1765421955627,True
706050188,2.0036,14.8,1765421955683,False
706050189,2.0036,534.5,1765421955884,False
706050190,2.0036,634.1,1765421956215,False
706050191,2.0037,514.6,1765421956331,False
706050192,2.0038,22.8,1765421956356,False
706050193,2.0038,186.9,1765421956392,True
706050194,2.0039,3872.0,1765421956432,False
706050195,2.0040,350.6,1765421956487,False
706050196,2.0041,15.4,1765421956492,False
706050197,2.0042,64.3,1765421956816,False
706050198,2.0042,6.0,1765421957006,True
706050199,2.0042,6.5,1765421957147,True
706050200,2.0042,123.3,1765421957659,True
706050201,2.0043,193.3,1765421957940,False
706050202,2.0044,8.5,1765421958652,False
706050203,2.0043,4.2,1765421959187,True
706050204,2.0043,557.6,1765421959296,True
706050205,2.0044,28.9,1765421959763,False
706050206,2.0043,3.7,1765421959892,True
706050207,2.0043,6.0,1765421960043,True
706050208,2.0043,1481.4,1765421960301,True
706050209,2.0042,3.4,1765421960892,True
706050210,2.0042,98.6,1765421961164,True
706050211,2.0043,3.3,1765421962094,False
706050212,2.0042,4.0,1765421962105,True
706050213,2.0042,3.2,1765421962351,True
706050214,2.0042,16.6,1765421962545,True
706050215,2.0042,6.0,1765421963098,True
706050216,2.0043,6.0,1765421963693,False
706050217,2.0043,325.2,1765421964372,False
706050218,2.0043,539.3,1765421964618,False
706050219,2.0044,1465.4,1765421964642,False
706050220,2.0044,10.0,1765421964769,True
706050221,2.0044,125.4,1765421964931,True
706050222,2.0045,1567.6,1765421965957,False
706050223,2.0044,6.0,1765421966122,True
706050224,2.0044,2.6,1765421966439,True
706050225,2.0045,6.3,1765421966834,False
706050226,2.0044,3.0,1765421967894,True
706050227,2.0045,247.5,1765421967966,False
706050228,2.0045,7.5,1765421968426,False
706050229,2.0044,6.0,1765421969158,True
706050230,2.0045,565.1,1765421969875,False
706050231,2.0045,437.0,1765421970005,False
706050232,2.0046,204.6,1765421970060,False
706050233,2.0047,19.2,1765421970076,False
706050234,2.0046,480.5,1765421970253,True
706050235,2.0046,89.7,1765421970892,True
706050236,2.0046,3.6,1765421971012,True
706050237,2.0046,2.9,1765421971891,True
706050238,2.0046,6.0,1765421972198,True
706050239,2.0047,4.6,1765421973726,False
706050240,2.0046,14.6,1765421974389,True
706050241,2.0046,6.0,1765421975028,True
706050242,2.0046,7.5,1765421975280,True
706050243,2.0046,4289.7,1765421975624,True
706050244,2.0046,3482.4,1765421976520,True
706050245,2.0045,17.4,1765421976523,True
706050246,2.0044,294.6,1765421976637,True
706050247,2.0045,4.1,1765421977752,False
706050248,2.0044,62.6,1765421977893,True
706050249,2.0044,6.0,1765421978061,True
706050250,2.0044,1793.1,1765421978713,True
706050251,2.0044,3.2,1765421979159,True
706050252,2.0044,240.7,1765421979521,True
706050253,2.0044,55.0,1765421979874,True
706050254,2.0045,49.8,1765421980215,False
706050255,2.0044,3.5,1765421980391,True
706050256,2.0044,6.0,1765421981096,True
706050257,2.0045,26.8,1765421981283,False
706050258,2.0044,3.4,1765421981387,True
706050259,2.0044,500.0,1765421982648,True
706050260,2.0044,6.6,1765421983243,True
706050261,2.0044,6.0,1765421984141,True
706050262,2.0044,5.5,1765421984652,True
706050263,2.0045,7.4,1765421985641,False
706050264,2.0045,28.9,1765421986044,False
706050265,2.0044,14.8,1765421986692,True
706050266,2.0045,8.4,1765421986826,False
706050267,2.0044,43.5,1765421987069,True
706050268,2.0044,6.0,1765421987170,True
706050269,2.0044,3.8,1765421987492,True
706050270,2.0044,2.5,1765421989074,True
706050271,2.0044,550.6,1765421989765,True
706050272,2.0044,6.0,1765421990198,True
706050273,2.0045,6154.2,1765421990314,False
706050274,2.0044,11.4,1765421991306,True
706050275,2.0044,68.3,1765421992893,True
706050276,2.0044,6.0,1765421993016,True
706050277,2.0045,6124.7,1765421993590,False
706050278,2.0046,227.1,1765421994026,False
706050279,2.0047,772.9,1765421994027,False
706050280,2.0046,6.0,1765421994175,True
706050281,2.0046,6.0,1765421996038,True
706050282,2.0047,4.0,1765421996395,False
706050283,2.0047,5396.0,1765421996759,False
706050284,2.0048,1844.1,1765421996759,False
706050285,2.0048,2416.6,1765421997163,False
706050286,2.0048,49.8,1765421997430,False
706050287,2.0047,4.0,1765421998628,True
706050288,2.0048,2000.3,1765421998685,False
706050289,2.0047,6.0,1765421999065,True
706050290,2.0048,3162.0,1765421999107,False
706050291,2.0048,25.0,1765421999116,True
706050292,2.0049,2156.8,1765421999141,False
706050293,2.0050,2235.4,1765421999230,False
706050294,2.0051,8.8,1765421999315,False
706050295,2.0051,5.9,1765421999684,False
706050296,2.0051,545.2,1765422000194,False
706050297,2.0050,1452.8,1765422000318,True
706050298,2.0050,10.1,1765422000761,True
706050299,2.0050,2000.7,1765422001255,True
706050300,2.0050,120.4,1765422001261,False
706050301,2.0049,50.7,1765422001264,True
706050302,2.0050,24.1,1765422001274,False
706050303,2.0049,43.7,1765422001310,True
706050304,2.0048,37.6,1765422001454,True
706050305,2.0047,1743.9,1765422001574,True
706050306,2.0046,120.5,1765422001625,True
706050307,2.0045,53.4,1765422001783,True
706050308,2.0044,218.4,1765422001817,True
706050309,2.0043,64.9,1765422001855,True
706050310,2.0044,500.0,1765422002047,False
706050311,2.0043,24.6,1765422002105,True
706050312,2.0044,9.0,1765422002127,False
706050313,2.0043,6.0,1765422002139,True
706050314,2.0043,32.0,1765422002341,True
706050315,2.0042,553.6,1765422002655,True
706050316,2.0041,20.2,1765422002680,True
706050317,2.0040,10.2,1765422002838,True
706050318,2.0040,2.7,1765422002848,False
706050319,2.0040,14134.3,1765422002973,False
706050320,2.0040,32.1,1765422003053,True
706050321,2.0040,83.7,1765422003183,True
706050322,2.0040,142.0,1765422003331,True
706050323,2.0039,22.7,1765422003360,True
706050324,2.0039,6.5,1765422003691,False
706050325,2.0038,104.5,1765422003843,True
706050326,2.0038,23.6,1765422004246,True
706050327,2.0038,81.0,1765422004433,True
706050328,2.0039,4.5,1765422004675,False
706050329,2.0038,11.1,1765422004773,True
706050330,2.0038,4.8,1765422004893,True
706050331,2.0039,13.8,1765422004922,False
706050332,2.0038,43.5,1765422004959,True
706050333,2.0038,16.1,1765422005083,True
706050334,2.0038,39.4,1765422005381,True
706050335,2.0038,23.8,1765422005543,True
706050336,2.0039,13.8,1765422005644,False
706050337,2.0038,9.7,1765422005648,True
706050338,2.0039,70.3,1765422005736,False
706050339,2.0039,56.6,1765422005905,False
706050340,2.0038,7.1,1765422005924,True
706050341,2.0039,436.3,1765422005979,False
706050342,2.0038,332.2,1765422006021,True
706050343,2.0039,866.9,1765422006103,False
706050344,2.0039,54.2,1765422006248,False
706050345,2.0038,5793.7,1765422006353,True
706050346,2.0037,498.8,1765422006361,True
706050347,2.0038,252.8,1765422006440,False
706050348,2.0037,1303.7,1765422006720,True
706050349,2.0036,24.7,1765422006771,True
706050350,2.0036,498.6,1765422006848,False
706050351,2.0035,1296.7,1765422006874,True
706050352,2.0034,29.1,1765422006879,True
706050353,2.0033,2.5,1765422007006,True
706050354,2.0034,4.6,1765422007233,False
706050355,2.0033,286.8,1765422007393,True
706050356,2.0034,162.1,1765422007752,False
706050357,2.0033,5.6,1765422007818,True
706050358,2.0033,6.0,1765422008071,True
706050359,2.0033,563.2,1765422008206,True
706050360,2.0033,300.0,1765422008447,True
706050361,2.0034,14818.5,1765422009693,False
706050362,2.0034,6.1,1765422009699,True
706050363,2.0035,5815.8,1765422009706,False
706050364,2.0036,8245.3,1765422009706,False
706050365,2.0035,10.0,1765422009831,True
706050366,2.0036,7.0,1765422009963,False
706050367,2.0036,155.6,1765422010363,False
706050368,2.0036,49.9,1765422010475,False
706050369,2.0036,304.2,1765422010857,False
706050370,2.0035,409.0,1765422010879,True
706050371,2.0035,6.0,1765422011094,True
706050372,2.0035,1317.0,1765422011245,True
706050373,2.0034,65.5,1765422011245,True
706050374,2.0033,39144.4,1765422011248,True
706050375,2.0032,210.9,1765422011408,True
706050376,2.0032,136.2,1765422011586,True
706050377,2.0032,210.9,1765422011824,True
706050378,2.0032,53.4,1765422012284,True
706050379,2.0032,30.5,1765422012517,True
706050380,2.0033,11.6,1765422012575,False
706050381,2.0033,42.6,1765422012777,False
706050382,2.0033,327.4,1765422012879,False
706050383,2.0033,14.9,1765422013007,False
706050384,2.0032,1675.0,1765422013044,True
706050385,2.0031,4811.4,1765422013046,True
706050386,2.0030,7233.1,1765422013058,True
706050387,2.0029,21196.5,1765422013067,True
706050388,2.0029,378.0,1765422013280,False
706050389,2.0028,209.9,1765422013370,True
706050390,2.0028,57.0,1765422013474,False
706050391,2.0027,8.6,1765422013539,True
706050392,2.0027,274.9,1765422013932,True
706050393,2.0027,6.0,1765422014123,True
706050394,2.0027,50.0,1765422014411,True
706050395,2.0027,1283.2,1765422014674,True
706050396,2.0026,549.2,1765422014680,True
706050397,2.0026,0.1,1765422014683,False
706050398,2.0025,1586.3,1765422014717,True
706050399,2.0024,2747.5,1765422014850,True
706050400,2.0023,229.7,1765422014874,True
706050401,2.0023,195.3,1765422015051,True
706050402,2.0024,16.7,1765422015095,False
706050403,2.0023,57.3,1765422015174,True
706050404,2.0024,11.3,1765422015259,False
706050405,2.0023,189.2,1765422015313,True
706050406,2.0023,481.4,1765422015441,True
706050407,2.0023,293.3,1765422015852,True
706050408,2.0022,327.9,1765422015892,True
706050409,2.0023,11564.2,1765422016035,False
706050410,2.0023,5329.9,1765422016207,False
706050411,2.0024,1191.3,1765422016222,False
706050412,2.0025,30.3,1765422016227,False
706050413,2.0026,6.6,1765422016479,False
706050414,2.0025,468.8,1765422016523,True
706050415,2.0025,122.9,1765422016803,True
706050416,2.0026,6.1,1765422016929,False
706050417,2.0025,10544.3,1765422016931,True
706050418,2.0024,18.2,1765422016975,True
706050419,2.0024,994.3,1765422017084,True
706050420,2.0025,2.9,1765422017096,False
706050421,2.0024,206.7,1765422017210,True
706050422,2.0023,31.8,1765422017214,True
706050423,2.0024,24.9,1765422017329,False
706050424,2.0025,20.0,1765422017461,False
706050425,2.0024,129.9,1765422017478,True
706050426,2.0025,499.4,1765422017572,False
706050427,2.0024,10.6,1765422017601,True
706050428,2.0024,5.1,1765422017740,True
706050429,2.0025,10.2,1765422017817,False
706050430,2.0024,4.2,1765422017894,True
706050431,2.0025,13.2,1765422018403,False
706050432,2.0024,539.0,1765422018946,True
706050433,2.0025,148.6,1765422018979,False
706050434,2.0024,285.0,1765422019097,True
706050435,2.0025,6747.6,1765422019485,False
706050436,2.0025,22.4,1765422019719,True
706050437,2.0026,3.0,1765422019741,False
706050438,2.0025,828.9,1765422019870,True
706050439,2.0025,831.2,1765422019998,True
706050440,2.0026,1969.5,1765422020317,False
706050441,2.0027,1692.1,1765422020392,False
706050442,2.0028,117.2,1765422020426,False
706050443,2.0029,1200.0,1765422020860,False
706050444,2.0028,4.8,1765422020892,True
706050445,2.0029,4275.6,1765422021153,False
706050446,2.0030,142.6,1765422021249,False
706050447,2.0031,4.2,1765422021404,False
706050448,2.0031,249.4,1765422021530,False
706050449,2.0031,30.8,1765422021807,False
706050450,2.0032,4414.0,1765422021844,False
706050451,2.0033,415.2,1765422022068,False
706050452,2.0033,126.3,1765422022112,True
706050453,2.0034,152.3,1765422022306,False
706050454,2.0034,86.3,1765422022436,True
706050455,2.0034,142.9,1765422022627,True
706050456,2.0034,86.2,1765422022893,True
706050457,2.0034,6.0,1765422023108,True
706050458,2.0035,2.8,1765422023151,False
706050459,2.0034,6191.1,1765422023241,True
706050460,2.0033,983.5,1765422023241,True
706050461,2.0034,13.8,1765422023270,False
706050462,2.0033,2.8,1765422023301,True
706050463,2.0033,159.3,1765422024071,True
706050464,2.0033,66.7,1765422024576,True
706050465,2.0034,21.2,1765422024774,False
706050466,2.0033,4.5,1765422024887,True
706050467,2.0033,23.2,1765422025075,True
706050468,2.0033,141.5,1765422025487,True
706050469,2.0034,3.9,1765422025574,False
706050470,2.0033,42.4,1765422026145,True
706050471,2.0034,3.0,1765422026222,False
706050472,2.0034,1979.9,1765422026360,False
706050473,2.0035,6924.0,1765422026365,False
706050474,2.0035,211.4,1765422026419,True
706050475,2.0036,12.7,1765422026449,False
706050476,2.0037,177.2,1765422026560,False
706050477,2.0037,161.4,1765422026748,True
706050478,2.0037,137.2,1765422026909,True
706050479,2.0037,98.2,1765422027023,True
706050480,2.0037,132.8,1765422027540,True
706050481,2.0038,250.0,1765422027735,False
706050482,2.0037,30.1,1765422028340,True
706050483,2.0037,36.9,1765422028879,True
706050484,2.0037,6.0,1765422029025,True
706050485,2.0037,199.6,1765422029166,True
706050486,2.0037,2083.6,1765422029937,True
706050487,2.0036,1363.8,1765422029952,True
706050488,2.0035,14.4,1765422030045,True
706050489,2.0036,10.1,1765422030105,False
706050490,2.0036,7.3,1765422030532,False
706050491,2.0036,6.5,1765422030791,False
706050492,2.0035,26.8,1765422030931,True
706050493,2.0035,24.0,1765422031047,True
706050494,2.0036,210.9,1765422031254,False
706050495,2.0035,1942.1,1765422031354,True
706050496,2.0035,41.7,1765422031988,False
706050497,2.0034,6.0,1765422032049,True
706050498,2.0034,5523.1,1765422032300,True
706050499,2.0033,8.6,1765422032626,True
706050500,2.0033,259.1,1765422032840,True
706050501,2.0033,25.9,1765422032949,True
706050502,2.0034,1062.5,1765422033087,False
706050503,2.0033,140.7,1765422033222,True
706050504,2.0032,43.3,1765422033459,True
706050505,2.0031,6.5,1765422033620,True
706050506,2.0031,3.9,1765422033863,True
706050507,2.0031,102.8,1765422033967,True
706050508,2.0030,6.3,1765422034274,True
706050509,2.0031,92.0,1765422034286,False
706050510,2.0032,304.9,1765422034292,False
706050511,2.0032,304.0,1765422034348,True
706050512,2.0033,126.3,1765422034756,False
706050513,2.0034,3.9,1765422034764,False
706050514,2.0033,7.8,1765422034809,True
706050515,2.0033,35.7,1765422034928,True
706050516,2.0032,6.0,1765422035081,True
706050517,2.0032,6.1,1765422035411,True
706050518,2.0033,5.9,1765422035681,False
706050519,2.0032,28.9,1765422035822,True
706050520,2.0032,7.0,1765422036102,True
706050521,2.0032,351.3,1765422036457,True
706050522,2.0032,4.4,1765422036710,True
706050523,2.0032,20.6,1765422036889,True
706050524,2.0032,40.6,1765422037282,True
706050525,2.0033,17.4,1765422037397,False
706050526,2.0033,424.0,1765422037575,False
706050527,2.0033,45.7,1765422037893,True
706050528,2.0033,6.0,1765422038103,True
706050529,2.0033,24.2,1765422038804,True
706050530,2.0033,14031.5,1765422039195,True
706050531,2.0032,5295.3,1765422039195,True
706050532,2.0033,156.5,1765422039523,False
706050533,2.0033,5.0,1765422039710,True
706050534,2.0033,4.9,1765422039954,True
706050535,2.0032,100.4,1765422040165,True
706050536,2.0032,12.5,1765422040352,False
706050537,2.0031,6.0,1765422041168,True
706050538,2.0031,3.0,1765422041404,True
706050539,2.0032,20.5,1765422041447,False
706050540,2.0032,235.8,1765422041802,False
706050541,2.0032,16.4,1765422042145,True
706050542,2.0033,2235.9,1765422042248,False
706050543,2.0034,860.8,1765422042250,False
706050544,2.0035,54.0,1765422042437,False
706050545,2.0036,92.3,1765422042468,False
706050546,2.0037,323.0,1765422042629,False
706050547,2.0038,3.9,1765422042734,False
706050548,2.0037,3.0,1765422043185,True
706050549,2.0037,10.6,1765422043318,True
706050550,2.0037,6.0,1765422044030,True
706050551,2.0038,171.0,1765422044041,False
706050552,2.0038,4.0,1765422044244,False
706050553,2.0037,200.0,1765422044250,True
706050554,2.0037,15.9,1765422045065,True
706050555,2.0037,5.0,1765422045950,True
706050556,2.0037,14.6,1765422046387,True
706050557,2.0037,5.7,1765422046511,True
706050558,2.0038,3.0,1765422046906,False
706050559,2.0037,6.0,1765422047044,True
706050560,2.0037,3.8,1765422047389,True
706050561,2.0038,2838.0,1765422047792,False
706050562,2.0038,4.8,1765422048167,True
706050563,2.0038,10.3,1765422048318,True
706050564,2.0038,13.1,1765422048576,True
706050565,2.0039,48.3,1765422048740,False
706050566,2.0038,28.8,1765422050034,True
706050567,2.0037,6.0,1765422050099,True
706050568,2.0037,3.9,1765422050238,True
706050569,2.0037,97.9,1765422050893,True
706050570,2.0038,16.9,1765422051135,False
706050571,2.0038,13.5,1765422051232,True
706050572,2.0038,4.9,1765422052104,True
706050573,2.0038,17.5,1765422052717,True
706050574,2.0039,3.8,1765422053123,False
706050575,2.0038,6.0,1765422053157,True
706050576,2.0039,31.9,1765422053426,False
706050577,2.0038,5.3,1765422053984,True
706050578,2.0038,2338.3,1765422054156,True
706050579,2.0037,103.6,1765422054313,True
706050580,2.0036,3.0,1765422054456,True
706050581,2.0037,2.8,1765422054749,False
706050582,2.0036,5.6,1765422054792,True
706050583,2.0037,19.6,1765422054842,False
706050584,2.0036,2.9,1765422055243,True
706050585,2.0036,3.8,1765422055417,True
706050586,2.0036,12.1,1765422055624,True
706050587,2.0036,6.0,1765422056185,True
706050588,2.0036,90.8,1765422056666,True
706050589,2.0036,2.8,1765422056745,False
706050590,2.0036,6.2,1765422056938,False
706050591,2.0036,23.5,1765422057055,False
706050592,2.0036,49.9,1765422057654,False
706050593,2.0036,132.7,1765422058026,False
706050594,2.0035,5625.4,1765422058749,True
706050595,2.0034,2889.3,1765422058804,True
706050596,2.0034,16.4,1765422058855,False
706050597,2.0033,6.0,1765422059095,True
706050598,2.0033,2741.6,1765422059671,True
706050599,2.0032,8289.4,1765422059732,True
706050600,2.0032,4.9,1765422060248,False
706050601,2.0031,126.8,1765422060345,True
706050602,2.0031,119.2,1765422061016,True
706050603,2.0031,29.0,1765422061268,True
706050604,2.0031,61.4,1765422061485,True
706050605,2.0032,7.0,1765422062119,False
706050606,2.0031,6.0,1765422062124,True
706050607,2.0032,277.0,1765422062436,False
706050608,2.0031,1987.3,1765422062674,True
706050609,2.0032,4.0,1765422062718,False
706050610,2.0032,1.2,1765422063029,False
706050611,2.0031,20.2,1765422063702,True
706050612,2.0031,8.5,1765422064165,True
706050613,2.0032,4940.4,1765422064254,False
706050614,2.0032,33.0,1765422064367,True
706050615,2.0033,15.7,1765422064542,False
706050616,2.0032,17.8,1765422064554,True
706050617,2.0033,162.4,1765422064598,False
706050618,2.0032,106.6,1765422064711,True
706050619,2.0032,53.8,1765422064825,True
706050620,2.0032,19.4,1765422064934,True
706050621,2.0032,94.4,1765422065184,True
706050622,2.0032,7.2,1765422065294,True
706050623,2.0033,6.6,1765422065362,False
706050624,2.0032,110.7,1765422065450,True
706050625,2.0033,917.9,1765422065511,False
706050626,2.0032,110.7,1765422065521,True
706050627,2.0033,1530.1,1765422065531,False
706050628,2.0032,221.4,1765422065592,True
706050629,2.0032,110.7,1765422065740,True
706050630,2.0033,255.7,1765422065749,False
706050631,2.0034,371.0,1765422065787,False
706050632,2.0034,110.7,1765422065826,True
706050633,2.0035,78.3,1765422065829,False
706050634,2.0036,446.0,1765422065834,False
706050635,2.0035,221.4,1765422065905,True
706050636,2.0035,239.7,1765422066058,True
706050637,2.0036,152.3,1765422066188,False
706050638,2.0035,3.1,1765422066251,True
706050639,2.0035,30.0,1765422066419,True
706050640,2.0036,1196.2,1765422066788,False
706050641,2.0035,13.2,1765422067174,True
706050642,2.0035,6.0,1765422068013,True
706050643,2.0036,2.1,1765422068284,False
706050644,2.0035,4.9,1765422068416,True
706050645,2.0035,92.8,1765422068533,True
706050646,2.0035,31.1,1765422068886,True
706050647,2.0035,6.7,1765422069655,True
706050648,2.0035,18.4,1765422070611,True
706050649,2.0035,6.0,1765422071036,True
706050650,2.0035,425.6,1765422071196,True
706050651,2.0035,92.6,1765422071339,True
706050652,2.0036,6.0,1765422071688,False
706050653,2.0036,38.6,1765422071835,False
706050654,2.0035,46.0,1765422072322,True
706050655,2.0035,7.4,1765422072769,True
706050656,2.0036,4.4,1765422072994,False
706050657,2.0035,40.4,1765422073211,True
706050658,2.0035,2974.9,1765422073504,True
706050659,2.0034,23.5,1765422074069,True
706050660,2.0035,64.8,1765422074517,False
706050661,2.0034,67.4,1765422074547,True
706050662,2.0035,6.5,1765422075281,False
706050663,2.0034,306.1,1765422075628,True
706050664,2.0034,59.8,1765422075813,True
706050665,2.0034,1309.9,1765422076275,True
706050666,2.0034,3.6,1765422076405,False
706050667,2.0033,17.9,1765422076483,True
706050668,2.0034,5.3,1765422076511,False
706050669,2.0034,249.5,1765422076667,False
706050670,2.0033,314.7,1765422076721,True
706050671,2.0032,5120.7,1765422076721,True
706050672,2.0031,812.1,1765422076730,True
706050673,2.0030,5635.4,1765422076730,True
706050674,2.0029,202.9,1765422076774,True
706050675,2.0030,51.6,1765422076982,False
706050676,2.0029,6.0,1765422077105,True
706050677,2.0030,4794.8,1765422077718,False
706050678,2.0029,104.7,1765422077893,True
706050679,2.0030,5.5,1765422078002,False
706050680,2.0030,40.5,1765422079354,False
706050681,2.0029,5.4,1765422079585,True
706050682,2.0030,4.5,1765422079764,False
706050683,2.0029,6.0,1765422080138,True
706050684,2.0030,52.5,1765422080702,False
706050685,2.0030,44.1,1765422080862,False
706050686,2.0029,7.2,1765422082186,True
706050687,2.0030,4.0,1765422082331,False
706050688,2.0029,14.3,1765422082796,True
706050689,2.0030,5713.8,1765422082808,False
706050690,2.0031,459.0,1765422082835,False
706050691,2.0031,6.0,1765422083157,True
706050692,2.0032,498.4,1765422083346,False
706050693,2.0032,4.0,1765422083848,True
706050694,2.0032,37.2,1765422084043,True
706050695,2.0032,4.5,1765422084167,True
706050696,2.0032,8.3,1765422084277,True
706050697,2.0033,223.2,1765422084306,False
706050698,2.0033,443.4,1765422085011,True
706050699,2.0033,55.6,1765422085528,True
706050700,2.0033,30.8,1765422086194,True
706050701,2.0034,3465.0,1765422086447,False
706050702,2.0035,53.0,1765422086588,False
706050703,2.0035,127.7,1765422086713,False
706050704,2.0036,227.2,1765422086815,False
706050705,2.0037,281.7,1765422087343,False
706050706,2.0036,55.1,1765422087893,True
706050707,2.0036,5.3,1765422088060,True
706050708,2.0036,19.7,1765422088232,True
706050709,2.0036,7467.6,1765422088353,True
706050710,2.0036,289.3,1765422088660,True
706050711,2.0035,15.0,1765422088664,True
706050712,2.0034,4.7,1765422088680,True
706050713,2.0034,6.0,1765422089005,True
706050714,2.0034,861.5,1765422089140,True
706050715,2.0033,9543.9,1765422089646,True
706050716,2.0032,15.9,1765422089660,True
706050717,2.0032,997.6,1765422090000,False
706050718,2.0031,437.0,1765422090334,True
706050719,2.0031,24.6,1765422090624,True
706050720,2.0032,17.9,1765422090653,False
706050721,2.0031,663.6,1765422090871,True
706050722,2.0030,7.7,1765422090876,True
706050723,2.0030,9795.9,1765422091264,False
706050724,2.0029,2163.2,1765422091739,True
706050725,2.0029,4.1,1765422091931,False
706050726,2.0028,180.0,1765422091941,True
706050727,2.0028,11.6,1765422092056,True
706050728,2.0029,997.6,1765422092761,False
706050729,2.0028,4.8,1765422092893,True
706050730,2.0028,2.7,1765422093196,True
706050731,2.0029,0.7,1765422093392,False
706050732,2.0029,167.5,1765422093557,False
706050733,2.0029,81.3,1765422093686,False
706050734,2.0028,156.0,1765422094178,True
706050735,2.0028,6.6,1765422094531,False
706050736,2.0027,124.9,1765422094698,True
706050737,2.0027,6.0,1765422095100,True
706050738,2.0028,997.6,1765422095363,False
706050739,2.0028,9.0,1765422095913,False
706050740,2.0027,7.0,1765422096664,True
706050741,2.0027,18.1,1765422097030,True
706050742,2.0028,997.6,1765422097877,False
706050743,2.0027,6.0,1765422098123,True
706050744,2.0027,3.7,1765422099140,True
706050745,2.0028,329.5,1765422099412,False
706050746,2.0028,3.7,1765422099891,True
706050747,2.0028,63.2,1765422100082,True
706050748,2.0029,997.6,1765422100329,False
706050749,2.0028,32.6,1765422100581,True
706050750,2.0028,6.0,1765422101146,True
706050751,2.0028,28.0,1765422101336,True
706050752,2.0029,4.0,1765422101398,False
706050753,2.0028,319.2,1765422101592,True
706050754,2.0027,3.2,1765422102026,True
706050755,2.0028,1050.8,1765422102688,False
706050756,2.0027,2022.5,1765422102927,True
706050757,2.0028,167.8,1765422103539,False
706050758,2.0027,10721.3,1765422103812,True
706050759,2.0027,6.0,1765422104189,True
706050760,2.0028,250.0,1765422104332,False
706050761,2.0028,1220.4,1765422105042,False
706050762,2.0027,12844.5,1765422105110,True
706050763,2.0026,206.1,1765422105144,True
706050764,2.0025,8468.5,1765422105144,True
706050765,2.0024,9838.3,1765422105144,True
706050766,2.0023,22620.7,1765422105144,True
706050767,2.0022,6097.7,1765422105144,True
706050768,2.0023,4.9,1765422105184,True
706050769,2.0023,207.6,1765422105195,False
706050770,2.0022,7.6,1765422105270,True
706050771,2.0021,31.0,1765422105270,True
706050772,2.0021,140.4,1765422105420,True
706050773,2.0022,6.5,1765422105675,False
706050774,2.0022,2.5,1765422105823,False
706050775,2.0021,3.0,1765422105892,True
706050776,2.0021,704.8,1765422105998,True
706050777,2.0020,994.3,1765422106042,True
706050778,2.0019,2887.8,1765422106090,True
706050779,2.0018,2277.2,1765422106090,True
706050780,2.0018,33.2,1765422106216,False
706050781,2.0017,6165.4,1765422106281,True
706050782,2.0017,30.0,1765422106927,True
706050783,2.0018,3326.6,1765422107029,False
706050784,2.0018,107.8,1765422107182,False
706050785,2.0017,6.0,1765422107201,True
706050786,2.0018,997.6,1765422107297,False
706050787,2.0017,823.2,1765422107470,True
706050788,2.0016,2075.5,1765422107516,True
706050789,2.0017,11.0,1765422107613,False
706050790,2.0017,6.5,1765422108155,False
706050791,2.0016,3.6,1765422108303,True
706050792,2.0016,2.7,1765422108727,True
706050793,2.0016,30.0,1765422109031,True
706050794,2.0017,4502.4,1765422109539,False
706050795,2.0017,6.0,1765422110025,True
706050796,2.0017,3.8,1765422110216,True
706050797,2.0018,462.9,1765422110396,False
706050798,2.0018,4.1,1765422111030,False
706050799,2.0017,879.2,1765422111383,True
706050800,2.0018,623.9,1765422111821,False
706050801,2.0017,6.1,1765422111890,True
706050802,2.0017,4.9,1765422112081,True
706050803,2.0018,71.1,1765422112210,False
706050804,2.0017,20.4,1765422112608,True
706050805,2.0018,727.3,1765422112857,False
706050806,2.0017,3617.9,1765422113019,True
706050807,2.0016,6.0,1765422113061,True
706050808,2.0016,133.4,1765422113447,True
706050809,2.0017,26.0,1765422113577,False
706050810,2.0017,15.4,1765422113817,False
706050811,2.0017,73.0,1765422114512,False
706050812,2.0017,1833.2,1765422115039,False
706050813,2.0017,195.0,1765422115203,False
706050814,2.0016,5.6,1765422115361,True
706050815,2.0016,287.0,1765422115539,True
706050816,2.0017,50.0,1765422115798,False
706050817,2.0016,1106.6,1765422116083,True
706050818,2.0016,41.2,1765422116648,True
706050819,2.0016,7.1,1765422117208,True
706050820,2.0017,1028.0,1765422117379,False
706050821,2.0016,42.2,1765422118492,True
706050822,2.0017,5.0,1765422118933,False
706050823,2.0016,6.0,1765422119097,True
706050824,2.0017,5.0,1765422119271,False
706050825,2.0016,2.8,1765422119462,True
706050826,2.0017,5.0,1765422119557,False
706050827,2.0016,10.7,1765422119857,True
706050828,2.0017,3658.8,1765422119861,False
706050829,2.0018,12.3,1765422120111,False
706050830,2.0017,209.4,1765422120208,True
706050831,2.0018,1022.5,1765422120271,False
706050832,2.0017,50.0,1765422120377,True
706050833,2.0018,5.0,1765422120390,False
706050834,2.0017,2101.2,1765422120429,True
706050835,2.0018,4.0,1765422120478,False
706050836,2.0017,3949.8,1765422120632,True
706050837,2.0017,3418.0,1765422120832,True
706050838,2.0016,2455.8,1765422120848,True
706050839,2.0015,1699.1,1765422120918,True
706050840,2.0015,5.0,1765422120997,False
706050841,2.0015,5.0,1765422121246,False
706050842,2.0014,12.5,1765422121256,True
706050843,2.0014,423.8,1765422121395,True
706050844,2.0014,616.6,1765422121580,True
706050845,2.0015,343.4,1765422121632,False
706050846,2.0016,195.1,1765422121632,False
706050847,2.0016,30.0,1765422121695,True
706050848,2.0016,101.3,1765422121784,False
706050849,2.0015,25.0,1765422121931,True
706050850,2.0015,5.0,1765422122062,False
706050851,2.0014,29.1,1765422122178,True
706050852,2.0015,1027.5,1765422122656,False
706050853,2.0014,465.6,1765422122847,True
706050854,2.0015,2638.2,1765422123007,False
706050855,2.0016,7.4,1765422123011,False
706050856,2.0016,16.4,1765422123370,True
706050857,2.0016,1348.9,1765422123530,True
706050858,2.0016,27.9,1765422123904,True
706050859,2.0015,33.3,1765422124031,True
706050860,2.0014,10.4,1765422124144,True
706050861,2.0015,50.6,1765422124268,False
706050862,2.0016,10.0,1765422124403,False
706050863,2.0015,26.2,1765422124434,True
706050864,2.0016,35.5,1765422124491,False
706050865,2.0016,5.0,1765422124625,True
706050866,2.0017,5.0,1765422124659,False
706050867,2.0016,15.7,1765422124745,True
706050868,2.0016,4.1,1765422124917,True
706050869,2.0017,607.9,1765422124953,False
706050870,2.0016,26.9,1765422125063,True
706050871,2.0017,10.0,1765422125244,False
706050872,2.0016,9.9,1765422125364,True
706050873,2.0017,5.0,1765422125575,False
706050874,2.0017,6.5,1765422125709,False
706050875,2.0016,6.4,1765422125777,True
706050876,2.0017,2023.5,1765422125827,False
706050877,2.0018,5.0,1765422125842,False
706050878,2.0017,21.8,1765422125940,True
706050879,2.0018,1559.1,1765422126021,False
706050880,2.0019,21.8,1765422126428,False
706050881,2.0019,10.0,1765422126721,False
706050882,2.0019,2547.7,1765422127330,False
706050883,2.0020,10.0,1765422127557,False
706050884,2.0020,2064.1,1765422127794,False
706050885,2.0021,6720.0,1765422127794,False
706050886,2.0022,826.0,1765422127818,False
706050887,2.0021,466.7,1765422127953,True
706050888,2.0022,5.0,1765422127987,False
706050889,2.0021,4.5,1765422128000,True
706050890,2.0022,582.4,1765422128037,False
706050891,2.0022,6.0,1765422128139,True
706050892,2.0023,5.0,1765422128165,False
706050893,2.0022,7.4,1765422128189,True
706050894,2.0021,17.4,1765422128189,True
706050895,2.0020,9.9,1765422128343,True
706050896,2.0020,344.3,1765422128429,False
706050897,2.0020,5.0,1765422128752,False
706050898,2.0019,3441.9,1765422128785,True
706050899,2.0018,7528.3,1765422128785,True
706050900,2.0017,6398.8,1765422128799,True
706050901,2.0016,13521.2,1765422128804,True
706050902,2.0016,68.9,1765422128879,False
706050903,2.0015,1688.9,1765422128883,True
706050904,2.0014,1581.2,1765422128921,True
706050905,2.0013,269.1,1765422128972,True
706050906,2.0012,3082.9,1765422129104,True
706050907,2.0011,6708.8,1765422129104,True
706050908,2.0010,1501.6,1765422129109,True
706050909,2.0011,5.0,1765422129136,False
706050910,2.0010,9985.5,1765422129275,True
706050911,2.0011,9178.2,1765422129303,False
706050912,2.0012,642.9,1765422129411,False
706050913,2.0011,0.2,1765422129539,True
706050914,2.0012,5.0,1765422129617,False
706050915,2.0011,72.6,1765422129647,True
706050916,2.0011,14.7,1765422129731,False
706050917,2.0011,14.6,1765422129959,False
706050918,2.0011,5.0,1765422130309,False
706050919,2.0011,124.9,1765422130534,False
706050920,2.0011,5.0,1765422130664,False
706050921,2.0010,15.8,1765422130717,True
706050922,2.0010,18350.8,1765422131078,True
706050923,2.0009,5387.9,1765422131078,True
706050924,2.0008,3503.0,1765422131095,True
706050925,2.0007,11394.5,1765422131109,True
706050926,2.0006,11451.3,1765422131109,True
706050927,2.0006,4932.9,1765422131198,False
706050928,2.0007,1012.3,1765422131219,False
706050929,2.0008,145.5,1765422131264,False
706050930,2.0007,4261.7,1765422131287,True
706050931,2.0008,59.8,1765422131296,False
706050932,2.0009,9.9,1765422131296,False
706050933,2.0010,298.9,1765422131296,False
706050934,2.0009,14.1,1765422131317,True
706050935,2.0010,131.6,1765422131370,False
706050936,2.0010,97.6,1765422131535,False
706050937,2.0010,1204.9,1765422131638,False
706050938,2.0011,4840.9,1765422131643,False
706050939,2.0012,428.7,1765422131830,False
706050940,2.0013,499.0,1765422131834,False
706050941,2.0013,3160.9,1765422131982,False
706050942,2.0014,126.1,1765422131994,False
706050943,2.0015,2192.7,1765422132046,False
706050944,2.0014,513.9,1765422132072,True
706050945,2.0015,5.0,1765422132079,False
706050946,2.0015,5.0,1765422132369,False
706050947,2.0014,180.5,1765422132653,True
706050948,2.0015,2.7,1765422132795,False
706050949,2.0015,5.0,1765422132948,False
706050950,2.0014,444.0,1765422132949,True
706050951,2.0013,22.5,1765422132952,True
706050952,2.0012,20.7,1765422133009,True
706050953,2.0012,18.3,1765422133538,True
706050954,2.0013,5.0,1765422133615,False
706050955,2.0012,311.2,1765422133708,True
706050956,2.0012,12.4,1765422134066,True
706050957,2.0012,413.5,1765422134300,True
706050958,2.0011,1291.5,1765422134310,True
706050959,2.0010,28.8,1765422134351,True
706050960,2.0009,30.3,1765422134394,True
706050961,2.0008,73.0,1765422134454,True
706050962,2.0009,7.1,1765422134570,False
706050963,2.0008,1541.9,1765422134741,True
706050964,2.0008,663.0,1765422134902,True
706050965,2.0007,14.9,1765422135067,True
706050966,2.0007,9652.1,1765422135100,False
706050967,2.0007,590.1,1765422135319,False
706050968,2.0008,17.4,1765422135327,False
706050969,2.0009,760.3,1765422135406,False
706050970,2.0010,23.2,1765422135414,False
706050971,2.0011,24.7,1765422135570,False
706050972,2.0010,4.6,1765422135724,True
706050973,2.0010,59.3,1765422135893,True
706050974,2.0011,50.4,1765422135955,False
706050975,2.0010,10609.6,1765422136030,True
706050976,2.0009,4353.6,1765422136030,True
706050977,2.0008,55.0,1765422136164,True
706050978,2.0007,89.5,1765422136164,True
706050979,2.0008,38.5,1765422136168,False
706050980,2.0007,12.5,1765422136246,True
706050981,2.0008,16.7,1765422136760,False
706050982,2.0007,454.6,1765422136912,True
706050983,2.0006,6.0,1765422137100,True
706050984,2.0007,32.5,1765422137190,False
706050985,2.0006,3944.6,1765422137277,True
706050986,2.0006,244.8,1765422138008,True
706050987,2.0007,6.5,1765422138198,False
706050988,2.0006,817.5,1765422138238,True
706050989,2.0007,334.5,1765422138397,False
706050990,2.0006,220.7,1765422138453,True
706050991,2.0007,730.3,1765422138536,False
706050992,2.0007,495.8,1765422139031,False
706050993,2.0007,499.8,1765422139148,False
706050994,2.0007,3.9,1765422139314,False
706050995,2.0006,20.1,1765422139333,True
706050996,2.0006,1520.1,1765422139467,True
706050997,2.0005,3689.6,1765422139554,True
706050998,2.0004,182.4,1765422139554,True
706050999,2.0003,1007.5,1765422139554,True
706051000,2.0004,42.5,1765422139655,False
706051001,2.0003,7.1,1765422139707,True
706051002,2.0004,110.0,1765422139715,False
706051003,2.0004,103.5,1765422139826,False
706051004,2.0005,4814.4,1765422139839,False
706051005,2.0006,1481.3,1765422139877,False
706051006,2.0007,1316.0,1765422139903,False
706051007,2.0007,998.0,1765422140009,False
706051008,2.0008,2453.5,1765422140016,False
706051009,2.0007,6.0,1765422140138,True
706051010,2.0008,7169.7,1765422140430,False
706051011,2.0009,3145.2,1765422140437,False
706051012,2.0008,1933.1,1765422140514,True
706051013,2.0009,2217.5,1765422140756,False
706051014,2.0008,3744.5,1765422140944,True
706051015,2.0007,6429.7,1765422140945,True
706051016,2.0006,509.7,1765422141529,True
706051017,2.0007,71.4,1765422141668,False
706051018,2.0006,3.5,1765422141800,True
706051019,2.0007,126.4,1765422141881,False
706051020,2.0007,1484.0,1765422142002,False
706051021,2.0008,43.3,1765422142016,False
706051022,2.0008,995.1,1765422142531,True
706051023,2.0009,180.9,1765422142578,False
706051024,2.0010,15.6,1765422142637,False
706051025,2.0010,82.1,1765422142881,False
706051026,2.0010,6.0,1765422143080,True
706051027,2.0011,9.4,1765422143663,False
706051028,2.0011,3.0,1765422146096,False
706051029,2.0010,6.0,1765422146100,True
706051030,2.0010,1936.4,1765422146231,True
706051031,2.0009,42.3,1765422146233,True
706051032,2.0008,10.6,1765422146250,True
706051033,2.0008,4.2,1765422146655,True
706051034,2.0009,9.8,1765422146907,False
706051035,2.0008,1122.3,1765422147090,True
706051036,2.0008,2768.5,1765422147606,True
706051037,2.0007,30.2,1765422147606,True
706051038,2.0007,4861.6,1765422147733,True
706051039,2.0006,82.2,1765422147893,True
706051040,2.0007,504.7,1765422148242,False
706051041,2.0007,2492.2,1765422148816,True
706051042,2.0008,4.1,1765422148952,False
706051043,2.0007,38.6,1765422149054,True
706051044,2.0007,191.2,1765422149156,True
706051045,2.0007,12.9,1765422150311,True
706051046,2.0008,344.3,1765422150471,False
706051047,2.0007,3092.7,1765422150629,True
706051048,2.0008,9.1,1765422150739,False
706051049,2.0007,100.0,1765422151138,True
706051050,2.0007,26.0,1765422151559,True
706051051,2.0008,3.9,1765422151676,False
706051052,2.0007,6.0,1765422152186,True
706051053,2.0007,3.5,1765422152374,True
706051054,2.0008,65.7,1765422153090,False
706051055,2.0007,8.1,1765422153707,True
706051056,2.0008,1000.0,1765422153827,False
706051057,2.0007,4016.6,1765422153895,True
706051058,2.0006,11991.1,1765422153895,True
706051059,2.0007,32.4,1765422153925,False
706051060,2.0006,2691.8,1765422154038,True
706051061,2.0007,200.0,1765422154086,False
706051062,2.0007,28.0,1765422154201,False
706051063,2.0006,16.0,1765422154348,True
706051064,2.0006,3.2,1765422154529,True
706051065,2.0007,6.5,1765422154536,False
706051066,2.0007,10.7,1765422155010,False
706051067,2.0006,6.0,1765422155044,True
706051068,2.0006,2.7,1765422155675,True
706051069,2.0006,5129.2,1765422156090,True
706051070,2.0005,117.0,1765422156132,True
706051071,2.0004,55.8,1765422156141,True
706051072,2.0004,100.0,1765422156221,False
706051073,2.0003,324.1,1765422156355,True
706051074,2.0004,3.0,1765422156442,False
706051075,2.0003,1005.3,1765422156792,True
706051076,2.0004,26.5,1765422157221,False
706051077,2.0003,4.6,1765422157374,True
706051078,2.0003,7.5,1765422157511,True
706051079,2.0003,7.4,1765422157808,True
706051080,2.0004,186.4,1765422158031,False
706051081,2.0003,6.0,1765422158135,True
706051082,2.0003,3.2,1765422158504,True
706051083,2.0004,4.1,1765422158550,False
706051084,2.0004,21.8,1765422159253,False
706051085,2.0004,47.9,1765422159628,False
706051086,2.0003,1116.0,1765422159874,True
706051087,2.0002,132.6,1765422159943,True
706051088,2.0002,1198.5,1765422160317,True
706051089,2.0002,260.0,1765422160389,False
706051090,2.0001,3.2,1765422160675,True
706051091,2.0001,1993.0,1765422160845,True
706051092,2.0002,30.0,1765422160962,False
706051093,2.0001,6.0,1765422161186,True
706051094,2.0002,1361.6,1765422161595,False
706051095,2.0003,113.1,1765422161611,False
706051096,2.0003,2.7,1765422161637,True
706051097,2.0004,18.3,1765422161706,False
706051098,2.0003,348.2,1765422162156,True
706051099,2.0003,24.6,1765422162491,True
706051100,2.0004,344.3,1765422162704,False
706051101,2.0004,200.0,1765422163172,False
706051102,2.0003,6.0,1765422163737,True
706051103,2.0003,517.5,1765422164016,True
706051104,2.0002,1479.4,1765422164055,True
706051105,2.0001,2191.6,1765422164345,True
706051106,2.0001,3.2,1765422164892,True
706051107,2.0002,4.9,1765422164897,False
706051108,2.0002,1503.1,1765422165227,False
706051109,2.0003,34.1,1765422165244,False
706051110,2.0003,32.1,1765422165499,True
706051111,2.0004,12.7,1765422165629,False
706051112,2.0003,3.8,1765422166232,True
706051113,2.0003,571.0,1765422166359,True
706051114,2.0002,4.9,1765422166367,True
706051115,2.0002,18333.5,1765422166431,False
706051116,2.0001,1000.0,1765422166432,True
706051117,2.0002,24.9,1765422166434,False
706051118,2.0002,3.0,1765422166674,True
706051119,2.0003,100.0,1765422166840,False
706051120,2.0002,6.0,1765422167104,True
706051121,2.0003,1850.3,1765422167435,False
706051122,2.0004,4692.2,1765422167441,False
706051123,2.0004,107.5,1765422167547,True
706051124,2.0004,71.0,1765422167816,True
706051125,2.0004,13.2,1765422168068,True
706051126,2.0003,1445.7,1765422168122,True
706051127,2.0004,3661.6,1765422168388,False
706051128,2.0005,2933.8,1765422168388,False
706051129,2.0005,4.2,1765422168644,False
706051130,2.0004,170.7,1765422168688,True
706051131,2.0005,37.7,1765422169162,False
706051132,2.0004,178.8,1765422169185,True
706051133,2.0003,39.8,1765422169211,True
706051134,2.0003,283.2,1765422169266,False
706051135,2.0002,818.3,1765422169360,True
706051136,2.0001,3.5,1765422169548,True
706051137,2.0001,447.9,1765422169949,True
706051138,2.0001,10.6,1765422170381,True
706051139,2.0002,531.4,1765422170455,False
706051140,2.0003,4.9,1765422170466,False
706051141,2.0004,10.2,1765422170527,False
706051142,2.0004,223.2,1765422170876,True
706051143,2.0004,103.7,1765422171478,True
706051144,2.0004,75.7,1765422171909,True
706051145,2.0004,13.2,1765422172295,True
706051146,2.0004,13.0,1765422172427,True
706051147,2.0005,3.1,1765422172437,False
706051148,2.0005,6.5,1765422172554,False
706051149,2.0004,501.9,1765422172854,True
706051150,2.0003,956.0,1765422172860,True
706051151,2.0002,51.8,1765422172923,True
706051152,2.0001,6.0,1765422173024,True
706051153,2.0001,909.9,1765422173564,True
706051154,2.0000,188747.5,1765422173600,True
706051155,1.9999,1416.7,1765422173666,True
706051156,1.9998,5913.1,1765422173666,True
706051157,1.9997,132.4,1765422173717,True
706051158,1.9996,404.6,1765422173717,True
706051159,1.9998,5417.9,1765422173900,False
706051160,1.9999,40.1,1765422173989,False
706051161,1.9999,4.8,1765422173999,True
706051162,1.9999,9.3,1765422174237,True
706051163,2.0000,462.9,1765422174456,False
706051164,2.0000,354.4,1765422174688,False
706051165,1.9999,249.1,1765422174751,True
706051166,1.9999,34.4,1765422174926,True
706051167,2.0000,33.0,1765422174998,False
706051168,1.9999,279.4,1765422175037,True
706051169,1.9998,1662.2,1765422175037,True
706051170,1.9997,4127.6,1765422175038,True
706051171,2.0000,1889.8,1765422175038,False
706051172,1.9997,3350.1,1765422175038,True
706051173,1.9997,7977.4,1765422175163,True
706051174,1.9997,2955.1,1765422175381,True
706051175,1.9998,6.4,1765422175818,False
706051176,1.9997,1978.6,1765422175869,True
706051177,1.9996,175.0,1765422175871,True
706051178,1.9995,1908.3,1765422175888,True
706051179,1.9994,4802.2,1765422175894,True
706051180,1.9993,7233.4,1765422175915,True
706051181,1.9992,7044.0,1765422175922,True
706051182,1.9991,4361.0,1765422175989,True
706051183,1.9990,3628.5,1765422176026,True
706051184,1.9989,775.0,1765422176074,True
706051185,1.9990,9.6,1765422176197,False
706051186,1.9989,40907.4,1765422176215,True
706051187,1.9988,679.5,1765422176233,True
706051188,1.9987,18828.0,1765422176233,True
706051189,1.9986,4642.7,1765422176233,True
706051190,1.9988,10386.6,1765422176263,True
706051191,1.9987,1199.6,1765422176266,True
706051192,1.9989,84.0,1765422176275,False
706051193,1.9988,2953.1,1765422176276,True
706051194,1.9986,2238.2,1765422176301,True
706051195,1.9985,5938.2,1765422176301,True
706051196,1.9987,1956.0,1765422176341,True
706051197,1.9988,2.7,1765422176439,False
706051198,1.9987,37.1,1765422176454,True
706051199,1.9988,83.6,1765422176461,False
706051200,1.9987,17456.4,1765422176463,True
706051201,1.9986,3220.6,1765422176463,True
706051202,1.9987,1050.7,1765422176518,False
706051203,1.9986,46.0,1765422176576,True
706051204,1.9986,16043.3,1765422176699,True
706051205,1.9986,46.6,1765422176845,True
706051206,1.9987,3.1,1765422176895,False
706051207,1.9986,3691.0,1765422177029,True
706051208,1.9986,3793.2,1765422177268,True
706051209,1.9986,3304.9,1765422177431,True
706051210,1.9985,3351.5,1765422177436,True
706051211,1.9984,1068.7,1765422177461,True
706051212,1.9983,298.7,1765422177464,True
706051213,1.9984,2.9,1765422177464,False
706051214,1.9983,7048.0,1765422177468,True
706051215,1.9982,7969.7,1765422177495,True
706051216,1.9981,6764.6,1765422177573,True
706051217,1.9980,11413.5,1765422177593,True
706051218,1.9981,1484.8,1765422177635,False
706051219,1.9980,470.6,1765422177755,True
706051220,1.9981,1535.5,1765422177810,False
706051221,1.9982,71.9,1765422177828,False
706051222,1.9983,11264.0,1765422177828,False
706051223,1.9984,711.9,1765422177828,False
706051224,1.9983,678.4,1765422177840,True
706051225,1.9984,3370.3,1765422177880,False
706051226,1.9983,3.8,1765422177899,True
706051227,1.9984,1238.4,1765422177905,False
706051228,1.9983,388.2,1765422177926,True
706051229,1.9983,2.6,1765422178016,False
706051230,1.9982,7476.0,1765422178035,True
706051231,1.9981,1362.9,1765422178035,True
706051232,1.9983,1387.1,1765422178035,False
706051233,1.9981,2509.9,1765422178035,True
706051234,1.9982,995.6,1765422178079,False
706051235,1.9981,3037.3,1765422178081,True
706051236,1.9982,62.3,1765422178093,False
706051237,1.9981,6831.3,1765422178099,True
706051238,1.9982,15.5,1765422178124,False
706051239,1.9981,2.5,1765422178139,True
706051240,1.9982,62.3,1765422178189,False
706051241,1.9981,1265.7,1765422178193,True
706051242,1.9982,15.5,1765422178216,False
706051243,1.9981,11187.2,1765422178291,True
706051244,1.9982,1477.7,1765422178389,False
706051245,1.9981,1528.1,1765422178404,True
706051246,1.9982,500.0,1765422178475,False
706051247,1.9981,9.0,1765422178509,True
706051248,1.9982,342.4,1765422178564,False
706051249,1.9983,139.2,1765422178783,False
706051250,1.9983,0.2,1765422178925,False
706051251,1.9982,6766.9,1765422178999,True
706051252,1.9981,130.5,1765422179063,True
706051253,1.9982,68.5,1765422179090,False
706051254,1.9981,3006.1,1765422179162,True
706051255,1.9981,1702.3,1765422179330,True
706051256,1.9982,1623.5,1765422179354,False
706051257,1.9982,3.8,1765422179471,False
706051258,1.9981,28.4,1765422179506,True
706051259,1.9982,1303.5,1765422179514,False
706051260,1.9983,30.4,1765422179559,False
706051261,1.9984,747.3,1765422179639,False
706051262,1.9985,14428.2,1765422179697,False
706051263,1.9986,6111.3,1765422179713,False
706051264,1.9985,48.4,1765422179848,True
706051265,1.9986,400.0,1765422179859,False
706051266,1.9985,7022.5,1765422179864,True
706051267,1.9985,800.0,1765422179868,False
706051268,1.9984,234.7,1765422179885,True
706051269,1.9984,2398.5,1765422180090,True
706051270,1.9983,437.5,1765422180190,True
706051271,1.9982,21.4,1765422180219,True
706051272,1.9981,4559.3,1765422180277,True
706051273,1.9980,14001.9,1765422180295,True
706051274,1.9979,1289.1,1765422180295,True
706051275,1.9980,4297.6,1765422180352,False
706051276,1.9980,59.0,1765422180682,True
706051277,1.9981,627.5,1765422181028,False
706051278,1.9982,117.5,1765422181067,False
706051279,1.9983,112.8,1765422181086,False
706051280,1.9983,83.1,1765422181091,True
706051281,1.9984,25.3,1765422181106,False
706051282,1.9985,26.3,1765422181136,False
706051283,1.9986,500.4,1765422181143,False
706051284,1.9986,4.9,1765422181317,False
706051285,1.9986,13.0,1765422181649,False
706051286,1.9985,22260.5,1765422181860,True
706051287,1.9984,335.5,1765422182036,True
706051288,1.9984,2341.5,1765422182155,True
706051289,1.9984,1471.6,1765422182306,True
706051290,1.9985,18.4,1765422182337,False
706051291,1.9984,3.7,1765422182451,True
706051292,1.9985,11.0,1765422182677,False
706051293,1.9985,648.8,1765422182866,False
706051294,1.9986,175062.9,1765422182946,False
706051295,1.9987,1248.1,1765422182993,False
706051296,1.9988,227.5,1765422182993,False
706051297,1.9989,1672.5,1765422182995,False
706051298,1.9990,8323.4,1765422182998,False
706051299,1.9991,21967.3,1765422182998,False
706051300,1.9992,9932.4,1765422182998,False
706051301,1.9993,5040.2,1765422182998,False
706051302,1.9993,675.8,1765422183160,False
706051303,1.9994,23.8,1765422183191,False
706051304,1.9994,1315.6,1765422183388,True
706051305,1.9995,111.0,1765422183397,False
706051306,1.9994,5641.8,1765422183527,True
706051307,1.9993,74.3,1765422183555,True
706051308,1.9994,39.5,1765422183646,False
706051309,1.9993,212.7,1765422183729,True
706051310,1.9993,11.5,1765422184005,True
706051311,1.9994,89.5,1765422184024,False
706051312,1.9994,5085.3,1765422184249,True
706051313,1.9994,1.6,1765422184365,True
706051314,1.9993,125.1,1765422184392,True
706051315,1.9994,1.6,1765422184519,False
706051316,1.9993,267.7,1765422184664,True
706051317,1.9994,6418.5,1765422184701,False
706051318,1.9995,5822.7,1765422184703,False
706051319,1.9996,8689.1,1765422184724,False
706051320,1.9997,4796.0,1765422184752,False
706051321,1.9996,5.7,1765422184811,True
706051322,1.9996,18185.7,1765422185015,True
706051323,1.9995,15166.8,1765422185020,True
706051324,1.9994,7520.0,1765422185044,True
706051325,1.9995,149.6,1765422185061,False
706051326,1.9994,115.4,1765422185124,True
706051327,1.9994,100.0,1765422185229,False
706051328,1.9993,14.9,1765422185232,True
706051329,1.9994,8858.8,1765422185238,False
706051330,1.9993,1835.1,1765422185307,True
706051331,1.9994,327.7,1765422185397,False
706051332,1.9994,1015.6,1765422185467,True
706051333,1.9994,69.3,1765422185640,True
706051334,1.9995,4.7,1765422185645,False
706051335,1.9994,2572.7,1765422185663,True
706051336,1.9995,15.0,1765422185756,False
706051337,1.9994,101.9,1765422185769,True
706051338,1.9995,3.9,1765422185840,False
706051339,1.9994,115.1,1765422185894,True
706051340,1.9995,3.4,1765422186146,False
706051341,1.9994,4553.3,1765422186441,True
706051342,1.9994,503.8,1765422186625,True
706051343,1.9993,2537.8,1765422186625,True
706051344,1.9992,98.8,1765422186684,True
706051345,1.9993,344.3,1765422186720,False
706051346,1.9992,8.5,1765422186820,True
706051347,1.9993,79.8,1765422186883,False
706051348,1.9993,1023.0,1765422187214,False
706051349,1.9994,2255.9,1765422187221,False
706051350,1.9995,17425.6,1765422187228,False
706051351,1.9996,10749.3,1765422187238,False
706051352,1.9997,6269.0,1765422187269,False
706051353,1.9998,5900.3,1765422187273,False
706051354,1.9998,125.8,1765422187385,False
706051355,1.9997,20.7,1765422187451,True
706051356,1.9998,115.8,1765422187464,False
706051357,1.9997,2040.3,1765422187687,True
706051358,1.9998,282.9,1765422187937,False
706051359,1.9997,41.3,1765422188002,True
706051360,1.9997,10.8,1765422188124,True
706051361,1.9998,499.5,1765422188401,False
706051362,1.9998,3000.0,1765422188513,False
706051363,1.9998,2399.5,1765422188892,False
706051364,1.9998,22.7,1765422188930,True
706050589,2.0036,2.8,1765422056745,False
706050590,2.0036,6.2,1765422056938,False
706050591,2.0036,23.5,1765422057055,False
706050592,2.0036,49.9,1765422057654,False
706050593,2.0036,132.7,1765422058026,False
706050594,2.0035,5625.4,1765422058749,True
706050595,2.0034,2889.3,1765422058804,True
706050596,2.0034,16.4,1765422058855,False
706050597,2.0033,6.0,1765422059095,True
706050598,2.0033,2741.6,1765422059671,True
706050599,2.0032,8289.4,1765422059732,True
706050600,2.0032,4.9,1765422060248,False
706050601,2.0031,126.8,1765422060345,True
706050602,2.0031,119.2,1765422061016,True
706050603,2.0031,29.0,1765422061268,True
706050604,2.0031,61.4,1765422061485,True
706050605,2.0032,7.0,1765422062119,False
706050606,2.0031,6.0,1765422062124,True
706050607,2.0032,277.0,1765422062436,False
706050608,2.0031,1987.3,1765422062674,True
706050609,2.0032,4.0,1765422062718,False
706050610,2.0032,1.2,1765422063029,False
706050611,2.0031,20.2,1765422063702,True
706050612,2.0031,8.5,1765422064165,True
706050613,2.0032,4940.4,1765422064254,False
706050614,2.0032,33.0,1765422064367,True
706050615,2.0033,15.7,1765422064542,False
706050616,2.0032,17.8,1765422064554,True
706050617,2.0033,162.4,1765422064598,False
706050618,2.0032,106.6,1765422064711,True
706050619,2.0032,53.8,1765422064825,True
706050620,2.0032,19.4,1765422064934,True
706050621,2.0032,94.4,1765422065184,True
706050622,2.0032,7.2,1765422065294,True
706050623,2.0033,6.6,1765422065362,False
706050624,2.0032,110.7,1765422065450,True
706050625,2.0033,917.9,1765422065511,False
706050626,2.0032,110.7,1765422065521,True
706050627,2.0033,1530.1,1765422065531,False
706050628,2.0032,221.4,1765422065592,True
706050629,2.0032,110.7,1765422065740,True
706050630,2.0033,255.7,1765422065749,False
706050631,2.0034,371.0,1765422065787,False
706050632,2.0034,110.7,1765422065826,True
706050633,2.0035,78.3,1765422065829,False
706050634,2.0036,446.0,1765422065834,False
706050635,2.0035,221.4,1765422065905,True
706050636,2.0035,239.7,1765422066058,True
706050637,2.0036,152.3,1765422066188,False
706050638,2.0035,3.1,1765422066251,True
706050639,2.0035,30.0,1765422066419,True
706050640,2.0036,1196.2,1765422066788,False
706050641,2.0035,13.2,1765422067174,True
706050642,2.0035,6.0,1765422068013,True
706050643,2.0036,2.1,1765422068284,False
706050644,2.0035,4.9,1765422068416,True
706050645,2.0035,92.8,1765422068533,True
706050646,2.0035,31.1,1765422068886,True
706050647,2.0035,6.7,1765422069655,True
706050648,2.0035,18.4,1765422070611,True
706050649,2.0035,6.0,1765422071036,True
706050650,2.0035,425.6,1765422071196,True
706050651,2.0035,92.6,1765422071339,True
706050652,2.0036,6.0,1765422071688,False
706050653,2.0036,38.6,1765422071835,False
706050654,2.0035,46.0,1765422072322,True
706050655,2.0035,7.4,1765422072769,True
706050656,2.0036,4.4,1765422072994,False
706050657,2.0035,40.4,1765422073211,True
706050658,2.0035,2974.9,1765422073504,True
706050659,2.0034,23.5,1765422074069,True
706050660,2.0035,64.8,1765422074517,False
706050661,2.0034,67.4,1765422074547,True
706050662,2.0035,6.5,1765422075281,False
706050663,2.0034,306.1,1765422075628,True
706050664,2.0034,59.8,1765422075813,True
706050665,2.0034,1309.9,1765422076275,True
706050666,2.0034,3.6,1765422076405,False
706050667,2.0033,17.9,1765422076483,True
706050668,2.0034,5.3,1765422076511,False
706050669,2.0034,249.5,1765422076667,False
706050670,2.0033,314.7,1765422076721,True
706050671,2.0032,5120.7,1765422076721,True
706050672,2.0031,812.1,1765422076730,True
706050673,2.0030,5635.4,1765422076730,True
706050674,2.0029,202.9,1765422076774,True
706050675,2.0030,51.6,1765422076982,False
706050676,2.0029,6.0,1765422077105,True
706050677,2.0030,4794.8,1765422077718,False
706050678,2.0029,104.7,1765422077893,True
706050679,2.0030,5.5,1765422078002,False
706050680,2.0030,40.5,1765422079354,False
706050681,2.0029,5.4,1765422079585,True
706050682,2.0030,4.5,1765422079764,False
706050683,2.0029,6.0,1765422080138,True
706050684,2.0030,52.5,1765422080702,False
706050685,2.0030,44.1,1765422080862,False
706050686,2.0029,7.2,1765422082186,True
706050687,2.0030,4.0,1765422082331,False
706050688,2.0029,14.3,1765422082796,True
706050689,2.0030,5713.8,1765422082808,False
706050690,2.0031,459.0,1765422082835,False
706050691,2.0031,6.0,1765422083157,True
706050692,2.0032,498.4,1765422083346,False
706050693,2.0032,4.0,1765422083848,True
706050694,2.0032,37.2,1765422084043,True
706050695,2.0032,4.5,1765422084167,True
706050696,2.0032,8.3,1765422084277,True
706050697,2.0033,223.2,1765422084306,False
706050698,2.0033,443.4,1765422085011,True
706050699,2.0033,55.6,1765422085528,True
706050700,2.0033,30.8,1765422086194,True
706050701,2.0034,3465.0,1765422086447,False
706050702,2.0035,53.0,1765422086588,False
706050703,2.0035,127.7,1765422086713,False
706050704,2.0036,227.2,1765422086815,False
706050705,2.0037,281.7,1765422087343,False
706050706,2.0036,55.1,1765422087893,True
706050707,2.0036,5.3,1765422088060,True
706050708,2.0036,19.7,1765422088232,True
706050709,2.0036,7467.6,1765422088353,True
706050710,2.0036,289.3,1765422088660,True
706050711,2.0035,15.0,1765422088664,True
706050712,2.0034,4.7,1765422088680,True
706050713,2.0034,6.0,1765422089005,True
706050714,2.0034,861.5,1765422089140,True
706050715,2.0033,9543.9,1765422089646,True
706050716,2.0032,15.9,1765422089660,True
706050717,2.0032,997.6,1765422090000,False
706050718,2.0031,437.0,1765422090334,True
706050719,2.0031,24.6,1765422090624,True
706050720,2.0032,17.9,1765422090653,False
706050721,2.0031,663.6,1765422090871,True
706050722,2.0030,7.7,1765422090876,True
706050723,2.0030,9795.9,1765422091264,False
706050724,2.0029,2163.2,1765422091739,True
706050725,2.0029,4.1,1765422091931,False
706050726,2.0028,180.0,1765422091941,True
706050727,2.0028,11.6,1765422092056,True
706050728,2.0029,997.6,1765422092761,False
706050729,2.0028,4.8,1765422092893,True
706050730,2.0028,2.7,1765422093196,True
706050731,2.0029,0.7,1765422093392,False
706050732,2.0029,167.5,1765422093557,False
706050733,2.0029,81.3,1765422093686,False
706050734,2.0028,156.0,1765422094178,True
706050735,2.0028,6.6,1765422094531,False
706050736,2.0027,124.9,1765422094698,True
706050737,2.0027,6.0,1765422095100,True
706050738,2.0028,997.6,1765422095363,False
706050739,2.0028,9.0,1765422095913,False
706050740,2.0027,7.0,1765422096664,True
706050741,2.0027,18.1,1765422097030,True
706050742,2.0028,997.6,1765422097877,False
706050743,2.0027,6.0,1765422098123,True
706050744,2.0027,3.7,1765422099140,True
706050745,2.0028,329.5,1765422099412,False
706050746,2.0028,3.7,1765422099891,True
706050747,2.0028,63.2,1765422100082,True
706050748,2.0029,997.6,1765422100329,False
706050749,2.0028,32.6,1765422100581,True
706050750,2.0028,6.0,1765422101146,True
706050751,2.0028,28.0,1765422101336,True
706050752,2.0029,4.0,1765422101398,False
706050753,2.0028,319.2,1765422101592,True
706050754,2.0027,3.2,1765422102026,True
706050755,2.0028,1050.8,1765422102688,False
706050756,2.0027,2022.5,1765422102927,True
706050757,2.0028,167.8,1765422103539,False
706050758,2.0027,10721.3,1765422103812,True
706050759,2.0027,6.0,1765422104189,True
706050760,2.0028,250.0,1765422104332,False
706050761,2.0028,1220.4,1765422105042,False
706050762,2.0027,12844.5,1765422105110,True
706050763,2.0026,206.1,1765422105144,True
706050764,2.0025,8468.5,1765422105144,True
706050765,2.0024,9838.3,1765422105144,True
706050766,2.0023,22620.7,1765422105144,True
706050767,2.0022,6097.7,1765422105144,True
706050768,2.0023,4.9,1765422105184,True
706050769,2.0023,207.6,1765422105195,False
706050770,2.0022,7.6,1765422105270,True
706050771,2.0021,31.0,1765422105270,True
706050772,2.0021,140.4,1765422105420,True
706050773,2.0022,6.5,1765422105675,False
706050774,2.0022,2.5,1765422105823,False
706050775,2.0021,3.0,1765422105892,True
706050776,2.0021,704.8,1765422105998,True
706050777,2.0020,994.3,1765422106042,True
706050778,2.0019,2887.8,1765422106090,True
706050779,2.0018,2277.2,1765422106090,True
706050780,2.0018,33.2,1765422106216,False
706050781,2.0017,6165.4,1765422106281,True
706050782,2.0017,30.0,1765422106927,True
706050783,2.0018,3326.6,1765422107029,False
706050784,2.0018,107.8,1765422107182,False
706050785,2.0017,6.0,1765422107201,True
706050786,2.0018,997.6,1765422107297,False
706050787,2.0017,823.2,1765422107470,True
706050788,2.0016,2075.5,1765422107516,True
706050789,2.0017,11.0,1765422107613,False
706050790,2.0017,6.5,1765422108155,False
706050791,2.0016,3.6,1765422108303,True
706050792,2.0016,2.7,1765422108727,True
706050793,2.0016,30.0,1765422109031,True
706050794,2.0017,4502.4,1765422109539,False
706050795,2.0017,6.0,1765422110025,True
706050796,2.0017,3.8,1765422110216,True
706050797,2.0018,462.9,1765422110396,False
706050798,2.0018,4.1,1765422111030,False
706050799,2.0017,879.2,1765422111383,True
706050800,2.0018,623.9,1765422111821,False
706050801,2.0017,6.1,1765422111890,True
706050802,2.0017,4.9,1765422112081,True
706050803,2.0018,71.1,1765422112210,False
706050804,2.0017,20.4,1765422112608,True
706050805,2.0018,727.3,1765422112857,False
706050806,2.0017,3617.9,1765422113019,True
706050807,2.0016,6.0,1765422113061,True
706050808,2.0016,133.4,1765422113447,True
706050809,2.0017,26.0,1765422113577,False
706050810,2.0017,15.4,1765422113817,False
706050811,2.0017,73.0,1765422114512,False
706050812,2.0017,1833.2,1765422115039,False
706050813,2.0017,195.0,1765422115203,False
706050814,2.0016,5.6,1765422115361,True
706050815,2.0016,287.0,1765422115539,True
706050816,2.0017,50.0,1765422115798,False
706050817,2.0016,1106.6,1765422116083,True
706050818,2.0016,41.2,1765422116648,True
706050819,2.0016,7.1,1765422117208,True
706050820,2.0017,1028.0,1765422117379,False
706050821,2.0016,42.2,1765422118492,True
706050822,2.0017,5.0,1765422118933,False
706050823,2.0016,6.0,1765422119097,True
706050824,2.0017,5.0,1765422119271,False
706050825,2.0016,2.8,1765422119462,True
706050826,2.0017,5.0,1765422119557,False
706050827,2.0016,10.7,1765422119857,True
706050828,2.0017,3658.8,1765422119861,False
706050829,2.0018,12.3,1765422120111,False
706050830,2.0017,209.4,1765422120208,True
706050831,2.0018,1022.5,1765422120271,False
706050832,2.0017,50.0,1765422120377,True
706050833,2.0018,5.0,1765422120390,False
706050834,2.0017,2101.2,1765422120429,True
706050835,2.0018,4.0,1765422120478,False
706050836,2.0017,3949.8,1765422120632,True
706050837,2.0017,3418.0,1765422120832,True
706050838,2.0016,2455.8,1765422120848,True
706050839,2.0015,1699.1,1765422120918,True
706050840,2.0015,5.0,1765422120997,False
706050841,2.0015,5.0,1765422121246,False
706050842,2.0014,12.5,1765422121256,True
706050843,2.0014,423.8,1765422121395,True
706050844,2.0014,616.6,1765422121580,True
706050845,2.0015,343.4,1765422121632,False
706050846,2.0016,195.1,1765422121632,False
706050847,2.0016,30.0,1765422121695,True
706050848,2.0016,101.3,1765422121784,False
706050849,2.0015,25.0,1765422121931,True
706050850,2.0015,5.0,1765422122062,False
706050851,2.0014,29.1,1765422122178,True
706050852,2.0015,1027.5,1765422122656,False
706050853,2.0014,465.6,1765422122847,True
706050854,2.0015,2638.2,1765422123007,False
706050855,2.0016,7.4,1765422123011,False
706050856,2.0016,16.4,1765422123370,True
706050857,2.0016,1348.9,1765422123530,True
706050858,2.0016,27.9,1765422123904,True
706050859,2.0015,33.3,1765422124031,True
706050860,2.0014,10.4,1765422124144,True
706050861,2.0015,50.6,1765422124268,False
706050862,2.0016,10.0,1765422124403,False
706050863,2.0015,26.2,1765422124434,True
706050864,2.0016,35.5,1765422124491,False
706050865,2.0016,5.0,1765422124625,True
706050866,2.0017,5.0,1765422124659,False
706050867,2.0016,15.7,1765422124745,True
706050868,2.0016,4.1,1765422124917,True
706050869,2.0017,607.9,1765422124953,False
706050870,2.0016,26.9,1765422125063,True
706050871,2.0017,10.0,1765422125244,False
706050872,2.0016,9.9,1765422125364,True
706050873,2.0017,5.0,1765422125575,False
706050874,2.0017,6.5,1765422125709,False
706050875,2.0016,6.4,1765422125777,True
706050876,2.0017,2023.5,1765422125827,False
706050877,2.0018,5.0,1765422125842,False
706050878,2.0017,21.8,1765422125940,True
706050879,2.0018,1559.1,1765422126021,False
706050880,2.0019,21.8,1765422126428,False
706050881,2.0019,10.0,1765422126721,False
706050882,2.0019,2547.7,1765422127330,False
706050883,2.0020,10.0,1765422127557,False
706050884,2.0020,2064.1,1765422127794,False
706050885,2.0021,6720.0,1765422127794,False
706050886,2.0022,826.0,1765422127818,False
706050887,2.0021,466.7,1765422127953,True
706050888,2.0022,5.0,1765422127987,False
706050889,2.0021,4.5,1765422128000,True
706050890,2.0022,582.4,1765422128037,False
706050891,2.0022,6.0,1765422128139,True
706050892,2.0023,5.0,1765422128165,False
706050893,2.0022,7.4,1765422128189,True
706050894,2.0021,17.4,1765422128189,True
706050895,2.0020,9.9,1765422128343,True
706050896,2.0020,344.3,1765422128429,False
706050897,2.0020,5.0,1765422128752,False
706050898,2.0019,3441.9,1765422128785,True
706050899,2.0018,7528.3,1765422128785,True
706050900,2.0017,6398.8,1765422128799,True
706050901,2.0016,13521.2,1765422128804,True
706050902,2.0016,68.9,1765422128879,False
706050903,2.0015,1688.9,1765422128883,True
706050904,2.0014,1581.2,1765422128921,True
706050905,2.0013,269.1,1765422128972,True
706050906,2.0012,3082.9,1765422129104,True
706050907,2.0011,6708.8,1765422129104,True
706050908,2.0010,1501.6,1765422129109,True
706050909,2.0011,5.0,1765422129136,False
706050910,2.0010,9985.5,1765422129275,True
706050911,2.0011,9178.2,1765422129303,False
706050912,2.0012,642.9,1765422129411,False
706050913,2.0011,0.2,1765422129539,True
706050914,2.0012,5.0,1765422129617,False
706050915,2.0011,72.6,1765422129647,True
706050916,2.0011,14.7,1765422129731,False
706050917,2.0011,14.6,1765422129959,False
706050918,2.0011,5.0,1765422130309,False
706050919,2.0011,124.9,1765422130534,False
706050920,2.0011,5.0,1765422130664,False
706050921,2.0010,15.8,1765422130717,True
706050922,2.0010,18350.8,1765422131078,True
706050923,2.0009,5387.9,1765422131078,True
706050924,2.0008,3503.0,1765422131095,True
706050925,2.0007,11394.5,1765422131109,True
706050926,2.0006,11451.3,1765422131109,True
706050927,2.0006,4932.9,1765422131198,False
706050928,2.0007,1012.3,1765422131219,False
706050929,2.0008,145.5,1765422131264,False
706050930,2.0007,4261.7,1765422131287,True
706050931,2.0008,59.8,1765422131296,False
706050932,2.0009,9.9,1765422131296,False
706050933,2.0010,298.9,1765422131296,False
706050934,2.0009,14.1,1765422131317,True
706050935,2.0010,131.6,1765422131370,False
706050936,2.0010,97.6,1765422131535,False
706050937,2.0010,1204.9,1765422131638,False
706050938,2.0011,4840.9,1765422131643,False
706050939,2.0012,428.7,1765422131830,False
706050940,2.0013,499.0,1765422131834,False
706050941,2.0013,3160.9,1765422131982,False
706050942,2.0014,126.1,1765422131994,False
706050943,2.0015,2192.7,1765422132046,False
706050944,2.0014,513.9,1765422132072,True
706050945,2.0015,5.0,1765422132079,False
706050946,2.0015,5.0,1765422132369,False
706050947,2.0014,180.5,1765422132653,True
706050948,2.0015,2.7,1765422132795,False
706050949,2.0015,5.0,1765422132948,False
706050950,2.0014,444.0,1765422132949,True
706050951,2.0013,22.5,1765422132952,True
706050952,2.0012,20.7,1765422133009,True
706050953,2.0012,18.3,1765422133538,True
706050954,2.0013,5.0,1765422133615,False
706050955,2.0012,311.2,1765422133708,True
706050956,2.0012,12.4,1765422134066,True
706050957,2.0012,413.5,1765422134300,True
706050958,2.0011,1291.5,1765422134310,True
706050959,2.0010,28.8,1765422134351,True
706050960,2.0009,30.3,1765422134394,True
706050961,2.0008,73.0,1765422134454,True
706050962,2.0009,7.1,1765422134570,False
706050963,2.0008,1541.9,1765422134741,True
706050964,2.0008,663.0,1765422134902,True
706050965,2.0007,14.9,1765422135067,True
706050966,2.0007,9652.1,1765422135100,False
706050967,2.0007,590.1,1765422135319,False
706050968,2.0008,17.4,1765422135327,False
706050969,2.0009,760.3,1765422135406,False
706050970,2.0010,23.2,1765422135414,False
706050971,2.0011,24.7,1765422135570,False
706050972,2.0010,4.6,1765422135724,True
706050973,2.0010,59.3,1765422135893,True
706050974,2.0011,50.4,1765422135955,False
706050975,2.0010,10609.6,1765422136030,True
706050976,2.0009,4353.6,1765422136030,True
706050977,2.0008,55.0,1765422136164,True
706050978,2.0007,89.5,1765422136164,True
706050979,2.0008,38.5,1765422136168,False
706050980,2.0007,12.5,1765422136246,True
706050981,2.0008,16.7,1765422136760,False
706050982,2.0007,454.6,1765422136912,True
706050983,2.0006,6.0,1765422137100,True
706050984,2.0007,32.5,1765422137190,False
706050985,2.0006,3944.6,1765422137277,True
706050986,2.0006,244.8,1765422138008,True
706050987,2.0007,6.5,1765422138198,False
706050988,2.0006,817.5,1765422138238,True
706050989,2.0007,334.5,1765422138397,False
706050990,2.0006,220.7,1765422138453,True
706050991,2.0007,730.3,1765422138536,False
706050992,2.0007,495.8,1765422139031,False
706050993,2.0007,499.8,1765422139148,False
706050994,2.0007,3.9,1765422139314,False
706050995,2.0006,20.1,1765422139333,True
706050996,2.0006,1520.1,1765422139467,True
706050997,2.0005,3689.6,1765422139554,True
706050998,2.0004,182.4,1765422139554,True
706050999,2.0003,1007.5,1765422139554,True
706051000,2.0004,42.5,1765422139655,False
706051001,2.0003,7.1,1765422139707,True
706051002,2.0004,110.0,1765422139715,False
706051003,2.0004,103.5,1765422139826,False
706051004,2.0005,4814.4,1765422139839,False
706051005,2.0006,1481.3,1765422139877,False
706051006,2.0007,1316.0,1765422139903,False
706051007,2.0007,998.0,1765422140009,False
706051008,2.0008,2453.5,1765422140016,False
706051009,2.0007,6.0,1765422140138,True
706051010,2.0008,7169.7,1765422140430,False
706051011,2.0009,3145.2,1765422140437,False
706051012,2.0008,1933.1,1765422140514,True
706051013,2.0009,2217.5,1765422140756,False
706051014,2.0008,3744.5,1765422140944,True
706051015,2.0007,6429.7,1765422140945,True
706051016,2.0006,509.7,1765422141529,True
706051017,2.0007,71.4,1765422141668,False
706051018,2.0006,3.5,1765422141800,True
706051019,2.0007,126.4,1765422141881,False
706051020,2.0007,1484.0,1765422142002,False
706051021,2.0008,43.3,1765422142016,False
706051022,2.0008,995.1,1765422142531,True
706051023,2.0009,180.9,1765422142578,False
706051024,2.0010,15.6,1765422142637,False
706051025,2.0010,82.1,1765422142881,False
706051026,2.0010,6.0,1765422143080,True
706051027,2.0011,9.4,1765422143663,False
706051028,2.0011,3.0,1765422146096,False
706051029,2.0010,6.0,1765422146100,True
706051030,2.0010,1936.4,1765422146231,True
706051031,2.0009,42.3,1765422146233,True
706051032,2.0008,10.6,1765422146250,True
706051033,2.0008,4.2,1765422146655,True
706051034,2.0009,9.8,1765422146907,False
706051035,2.0008,1122.3,1765422147090,True
706051036,2.0008,2768.5,1765422147606,True
706051037,2.0007,30.2,1765422147606,True
706051038,2.0007,4861.6,1765422147733,True
706051039,2.0006,82.2,1765422147893,True
706051040,2.0007,504.7,1765422148242,False
706051041,2.0007,2492.2,1765422148816,True
706051042,2.0008,4.1,1765422148952,False
706051043,2.0007,38.6,1765422149054,True
706051044,2.0007,191.2,1765422149156,True
706051045,2.0007,12.9,1765422150311,True
706051046,2.0008,344.3,1765422150471,False
706051047,2.0007,3092.7,1765422150629,True
706051048,2.0008,9.1,1765422150739,False
706051049,2.0007,100.0,1765422151138,True
706051050,2.0007,26.0,1765422151559,True
706051051,2.0008,3.9,1765422151676,False
706051052,2.0007,6.0,1765422152186,True
706051053,2.0007,3.5,1765422152374,True
706051054,2.0008,65.7,1765422153090,False
706051055,2.0007,8.1,1765422153707,True
706051056,2.0008,1000.0,1765422153827,False
706051057,2.0007,4016.6,1765422153895,True
706051058,2.0006,11991.1,1765422153895,True
706051059,2.0007,32.4,1765422153925,False
706051060,2.0006,2691.8,1765422154038,True
706051061,2.0007,200.0,1765422154086,False
706051062,2.0007,28.0,1765422154201,False
706051063,2.0006,16.0,1765422154348,True
706051064,2.0006,3.2,1765422154529,True
706051065,2.0007,6.5,1765422154536,False
706051066,2.0007,10.7,1765422155010,False
706051067,2.0006,6.0,1765422155044,True
706051068,2.0006,2.7,1765422155675,True
706051069,2.0006,5129.2,1765422156090,True
706051070,2.0005,117.0,1765422156132,True
706051071,2.0004,55.8,1765422156141,True
706051072,2.0004,100.0,1765422156221,False
706051073,2.0003,324.1,1765422156355,True
706051074,2.0004,3.0,1765422156442,False
706051075,2.0003,1005.3,1765422156792,True
706051076,2.0004,26.5,1765422157221,False
706051077,2.0003,4.6,1765422157374,True
706051078,2.0003,7.5,1765422157511,True
706051079,2.0003,7.4,1765422157808,True
706051080,2.0004,186.4,1765422158031,False
706051081,2.0003,6.0,1765422158135,True
706051082,2.0003,3.2,1765422158504,True
706051083,2.0004,4.1,1765422158550,False
706051084,2.0004,21.8,1765422159253,False
706051085,2.0004,47.9,1765422159628,False
706051086,2.0003,1116.0,1765422159874,True
706051087,2.0002,132.6,1765422159943,True
706051088,2.0002,1198.5,1765422160317,True
706051089,2.0002,260.0,1765422160389,False
706051090,2.0001,3.2,1765422160675,True
706051091,2.0001,1993.0,1765422160845,True
706051092,2.0002,30.0,1765422160962,False
706051093,2.0001,6.0,1765422161186,True
706051094,2.0002,1361.6,1765422161595,False
706051095,2.0003,113.1,1765422161611,False
706051096,2.0003,2.7,1765422161637,True
706051097,2.0004,18.3,1765422161706,False
706051098,2.0003,348.2,1765422162156,True
706051099,2.0003,24.6,1765422162491,True
706051100,2.0004,344.3,1765422162704,False
706051101,2.0004,200.0,1765422163172,False
706051102,2.0003,6.0,1765422163737,True
706051103,2.0003,517.5,1765422164016,True
706051104,2.0002,1479.4,1765422164055,True
706051105,2.0001,2191.6,1765422164345,True
706051106,2.0001,3.2,1765422164892,True
706051107,2.0002,4.9,1765422164897,False
706051108,2.0002,1503.1,1765422165227,False
706051109,2.0003,34.1,1765422165244,False
706051110,2.0003,32.1,1765422165499,True
706051111,2.0004,12.7,1765422165629,False
706051112,2.0003,3.8,1765422166232,True
706051113,2.0003,571.0,1765422166359,True
706051114,2.0002,4.9,1765422166367,True
706051115,2.0002,18333.5,1765422166431,False
706051116,2.0001,1000.0,1765422166432,True
706051117,2.0002,24.9,1765422166434,False
706051118,2.0002,3.0,1765422166674,True
706051119,2.0003,100.0,1765422166840,False
706051120,2.0002,6.0,1765422167104,True
706051121,2.0003,1850.3,1765422167435,False
706051122,2.0004,4692.2,1765422167441,False
706051123,2.0004,107.5,1765422167547,True
706051124,2.0004,71.0,1765422167816,True
706051125,2.0004,13.2,1765422168068,True
706051126,2.0003,1445.7,1765422168122,True
706051127,2.0004,3661.6,1765422168388,False
706051128,2.0005,2933.8,1765422168388,False
706051129,2.0005,4.2,1765422168644,False
706051130,2.0004,170.7,1765422168688,True
706051131,2.0005,37.7,1765422169162,False
706051132,2.0004,178.8,1765422169185,True
706051133,2.0003,39.8,1765422169211,True
706051134,2.0003,283.2,1765422169266,False
706051135,2.0002,818.3,1765422169360,True
706051136,2.0001,3.5,1765422169548,True
706051137,2.0001,447.9,1765422169949,True
706051138,2.0001,10.6,1765422170381,True
706051139,2.0002,531.4,1765422170455,False
706051140,2.0003,4.9,1765422170466,False
706051141,2.0004,10.2,1765422170527,False
706051142,2.0004,223.2,1765422170876,True
706051143,2.0004,103.7,1765422171478,True
706051144,2.0004,75.7,1765422171909,True
706051145,2.0004,13.2,1765422172295,True
706051146,2.0004,13.0,1765422172427,True
706051147,2.0005,3.1,1765422172437,False
706051148,2.0005,6.5,1765422172554,False
706051149,2.0004,501.9,1765422172854,True
706051150,2.0003,956.0,1765422172860,True
706051151,2.0002,51.8,1765422172923,True
706051152,2.0001,6.0,1765422173024,True
706051153,2.0001,909.9,1765422173564,True
706051154,2.0000,188747.5,1765422173600,True
706051155,1.9999,1416.7,1765422173666,True
706051156,1.9998,5913.1,1765422173666,True
706051157,1.9997,132.4,1765422173717,True
706051158,1.9996,404.6,1765422173717,True
706051159,1.9998,5417.9,1765422173900,False
706051160,1.9999,40.1,1765422173989,False
706051161,1.9999,4.8,1765422173999,True
706051162,1.9999,9.3,1765422174237,True
706051163,2.0000,462.9,1765422174456,False
706051164,2.0000,354.4,1765422174688,False
706051165,1.9999,249.1,1765422174751,True
706051166,1.9999,34.4,1765422174926,True
706051167,2.0000,33.0,1765422174998,False
706051168,1.9999,279.4,1765422175037,True
706051169,1.9998,1662.2,1765422175037,True
706051170,1.9997,4127.6,1765422175038,True
706051171,2.0000,1889.8,1765422175038,False
706051172,1.9997,3350.1,1765422175038,True
706051173,1.9997,7977.4,1765422175163,True
706051174,1.9997,2955.1,1765422175381,True
706051175,1.9998,6.4,1765422175818,False
706051176,1.9997,1978.6,1765422175869,True
706051177,1.9996,175.0,1765422175871,True
706051178,1.9995,1908.3,1765422175888,True
706051179,1.9994,4802.2,1765422175894,True
706051180,1.9993,7233.4,1765422175915,True
706051181,1.9992,7044.0,1765422175922,True
706051182,1.9991,4361.0,1765422175989,True
706051183,1.9990,3628.5,1765422176026,True
706051184,1.9989,775.0,1765422176074,True
706051185,1.9990,9.6,1765422176197,False
706051186,1.9989,40907.4,1765422176215,True
706051187,1.9988,679.5,1765422176233,True
706051188,1.9987,18828.0,1765422176233,True
706051189,1.9986,4642.7,1765422176233,True
706051190,1.9988,10386.6,1765422176263,True
706051191,1.9987,1199.6,1765422176266,True
706051192,1.9989,84.0,1765422176275,False
706051193,1.9988,2953.1,1765422176276,True
706051194,1.9986,2238.2,1765422176301,True
706051195,1.9985,5938.2,1765422176301,True
706051196,1.9987,1956.0,1765422176341,True
706051197,1.9988,2.7,1765422176439,False
706051198,1.9987,37.1,1765422176454,True
706051199,1.9988,83.6,1765422176461,False
706051200,1.9987,17456.4,1765422176463,True
706051201,1.9986,3220.6,1765422176463,True
706051202,1.9987,1050.7,1765422176518,False
706051203,1.9986,46.0,1765422176576,True
706051204,1.9986,16043.3,1765422176699,True
706051205,1.9986,46.6,1765422176845,True
706051206,1.9987,3.1,1765422176895,False
706051207,1.9986,3691.0,1765422177029,True
706051208,1.9986,3793.2,1765422177268,True
706051209,1.9986,3304.9,1765422177431,True
706051210,1.9985,3351.5,1765422177436,True
706051211,1.9984,1068.7,1765422177461,True
706051212,1.9983,298.7,1765422177464,True
706051213,1.9984,2.9,1765422177464,False
706051214,1.9983,7048.0,1765422177468,True
706051215,1.9982,7969.7,1765422177495,True
706051216,1.9981,6764.6,1765422177573,True
706051217,1.9980,11413.5,1765422177593,True
706051218,1.9981,1484.8,1765422177635,False
706051219,1.9980,470.6,1765422177755,True
706051220,1.9981,1535.5,1765422177810,False
706051221,1.9982,71.9,1765422177828,False
706051222,1.9983,11264.0,1765422177828,False
706051223,1.9984,711.9,1765422177828,False
706051224,1.9983,678.4,1765422177840,True
706051225,1.9984,3370.3,1765422177880,False
706051226,1.9983,3.8,1765422177899,True
706051227,1.9984,1238.4,1765422177905,False
706051228,1.9983,388.2,1765422177926,True
706051229,1.9983,2.6,1765422178016,False
706051230,1.9982,7476.0,1765422178035,True
706051231,1.9981,1362.9,1765422178035,True
706051232,1.9983,1387.1,1765422178035,False
706051233,1.9981,2509.9,1765422178035,True
706051234,1.9982,995.6,1765422178079,False
706051235,1.9981,3037.3,1765422178081,True
706051236,1.9982,62.3,1765422178093,False
706051237,1.9981,6831.3,1765422178099,True
706051238,1.9982,15.5,1765422178124,False
706051239,1.9981,2.5,1765422178139,True
706051240,1.9982,62.3,1765422178189,False
706051241,1.9981,1265.7,1765422178193,True
706051242,1.9982,15.5,1765422178216,False
706051243,1.9981,11187.2,1765422178291,True
706051244,1.9982,1477.7,1765422178389,False
706051245,1.9981,1528.1,1765422178404,True
706051246,1.9982,500.0,1765422178475,False
706051247,1.9981,9.0,1765422178509,True
706051248,1.9982,342.4,1765422178564,False
706051249,1.9983,139.2,1765422178783,False
706051250,1.9983,0.2,1765422178925,False
706051251,1.9982,6766.9,1765422178999,True
706051252,1.9981,130.5,1765422179063,True
706051253,1.9982,68.5,1765422179090,False
706051254,1.9981,3006.1,1765422179162,True
706051255,1.9981,1702.3,1765422179330,True
706051256,1.9982,1623.5,1765422179354,False
706051257,1.9982,3.8,1765422179471,False
706051258,1.9981,28.4,1765422179506,True
706051259,1.9982,1303.5,1765422179514,False
706051260,1.9983,30.4,1765422179559,False
706051261,1.9984,747.3,1765422179639,False
706051262,1.9985,14428.2,1765422179697,False
706051263,1.9986,6111.3,1765422179713,False
706051264,1.9985,48.4,1765422179848,True
706051265,1.9986,400.0,1765422179859,False
706051266,1.9985,7022.5,1765422179864,True
706051267,1.9985,800.0,1765422179868,False
706051268,1.9984,234.7,1765422179885,True
706051269,1.9984,2398.5,1765422180090,True
706051270,1.9983,437.5,1765422180190,True
706051271,1.9982,21.4,1765422180219,True
706051272,1.9981,4559.3,1765422180277,True
706051273,1.9980,14001.9,1765422180295,True
706051274,1.9979,1289.1,1765422180295,True
706051275,1.9980,4297.6,1765422180352,False
706051276,1.9980,59.0,1765422180682,True
706051277,1.9981,627.5,1765422181028,False
706051278,1.9982,117.5,1765422181067,False
706051279,1.9983,112.8,1765422181086,False
706051280,1.9983,83.1,1765422181091,True
706051281,1.9984,25.3,1765422181106,False
706051282,1.9985,26.3,1765422181136,False
706051283,1.9986,500.4,1765422181143,False
706051284,1.9986,4.9,1765422181317,False
706051285,1.9986,13.0,1765422181649,False
706051286,1.9985,22260.5,1765422181860,True
706051287,1.9984,335.5,1765422182036,True
706051288,1.9984,2341.5,1765422182155,True
706051289,1.9984,1471.6,1765422182306,True
706051290,1.9985,18.4,1765422182337,False
706051291,1.9984,3.7,1765422182451,True
706051292,1.9985,11.0,1765422182677,False
706051293,1.9985,648.8,1765422182866,False
706051294,1.9986,175062.9,1765422182946,False
706051295,1.9987,1248.1,1765422182993,False
706051296,1.9988,227.5,1765422182993,False
706051297,1.9989,1672.5,1765422182995,False
706051298,1.9990,8323.4,1765422182998,False
706051299,1.9991,21967.3,1765422182998,False
706051300,1.9992,9932.4,1765422182998,False
706051301,1.9993,5040.2,1765422182998,False
706051302,1.9993,675.8,1765422183160,False
706051303,1.9994,23.8,1765422183191,False
706051304,1.9994,1315.6,1765422183388,True
706051305,1.9995,111.0,1765422183397,False
706051306,1.9994,5641.8,1765422183527,True
706051307,1.9993,74.3,1765422183555,True
706051308,1.9994,39.5,1765422183646,False
706051309,1.9993,212.7,1765422183729,True
706051310,1.9993,11.5,1765422184005,True
706051311,1.9994,89.5,1765422184024,False
706051312,1.9994,5085.3,1765422184249,True
706051313,1.9994,1.6,1765422184365,True
706051314,1.9993,125.1,1765422184392,True
706051315,1.9994,1.6,1765422184519,False
706051316,1.9993,267.7,1765422184664,True
706051317,1.9994,6418.5,1765422184701,False
706051318,1.9995,5822.7,1765422184703,False
706051319,1.9996,8689.1,1765422184724,False
706051320,1.9997,4796.0,1765422184752,False
706051321,1.9996,5.7,1765422184811,True
706051322,1.9996,18185.7,1765422185015,True
706051323,1.9995,15166.8,1765422185020,True
706051324,1.9994,7520.0,1765422185044,True
706051325,1.9995,149.6,1765422185061,False
706051326,1.9994,115.4,1765422185124,True
706051327,1.9994,100.0,1765422185229,False
706051328,1.9993,14.9,1765422185232,True
706051329,1.9994,8858.8,1765422185238,False
706051330,1.9993,1835.1,1765422185307,True
706051331,1.9994,327.7,1765422185397,False
706051332,1.9994,1015.6,1765422185467,True
706051333,1.9994,69.3,1765422185640,True
706051334,1.9995,4.7,1765422185645,False
706051335,1.9994,2572.7,1765422185663,True
706051336,1.9995,15.0,1765422185756,False
706051337,1.9994,101.9,1765422185769,True
706051338,1.9995,3.9,1765422185840,False
706051339,1.9994,115.1,1765422185894,True
706051340,1.9995,3.4,1765422186146,False
706051341,1.9994,4553.3,1765422186441,True
706051342,1.9994,503.8,1765422186625,True
706051343,1.9993,2537.8,1765422186625,True
706051344,1.9992,98.8,1765422186684,True
706051345,1.9993,344.3,1765422186720,False
706051346,1.9992,8.5,1765422186820,True
706051347,1.9993,79.8,1765422186883,False
706051348,1.9993,1023.0,1765422187214,False
706051349,1.9994,2255.9,1765422187221,False
706051350,1.9995,17425.6,1765422187228,False
706051351,1.9996,10749.3,1765422187238,False
706051352,1.9997,6269.0,1765422187269,False
706051353,1.9998,5900.3,1765422187273,False
706051354,1.9998,125.8,1765422187385,False
706051355,1.9997,20.7,1765422187451,True
706051356,1.9998,115.8,1765422187464,False
706051357,1.9997,2040.3,1765422187687,True
706051358,1.9998,282.9,1765422187937,False
706051359,1.9997,41.3,1765422188002,True
706051360,1.9997,10.8,1765422188124,True
706051361,1.9998,499.5,1765422188401,False
706051362,1.9998,3000.0,1765422188513,False
706051363,1.9998,2399.5,1765422188892,False
706051364,1.9998,22.7,1765422188930,True
706051365,1.9999,3.1,1765422189343,False
706051366,1.9998,771.4,1765422189488,True
706051367,1.9998,2657.5,1765422189589,True
706051368,1.9999,1897.3,1765422189751,False
706051369,2.0000,156.0,1765422189763,False
706051370,2.0000,3.7,1765422189921,True
706051371,2.0000,124.3,1765422190040,True
706051372,2.0000,17.9,1765422190165,True
706051373,2.0000,8.0,1765422190329,True
706051374,2.0001,1926.3,1765422190433,False
706051375,2.0002,35.2,1765422190455,False
706051376,2.0003,380.5,1765422190552,False
706051377,2.0004,684.2,1765422190572,False
706051378,2.0005,505.4,1765422190744,False
706051379,2.0006,444.8,1765422190842,False
706051380,2.0005,5.4,1765422190964,True
706051381,2.0006,24.5,1765422190976,False
706051382,2.0005,72.6,1765422191022,True
706051383,2.0005,3259.3,1765422191144,True
706051384,2.0004,13462.4,1765422191177,True
706051385,2.0004,25.4,1765422191240,False
706051386,2.0003,1927.7,1765422191384,True
706051387,2.0003,3.9,1765422191552,True
706051388,2.0004,72.5,1765422191592,False
706051389,2.0003,213.1,1765422191636,True
706051390,2.0003,100.0,1765422191745,True
706051391,2.0004,4420.0,1765422191859,False
706051392,2.0005,144.2,1765422192009,False
706051393,2.0006,440.3,1765422192194,False
706051394,2.0007,904.4,1765422192218,False
706051395,2.0007,44.0,1765422192265,True
706051396,2.0008,76.8,1765422192618,False
706051397,2.0007,3086.6,1765422192713,True
706051398,2.0006,2.9,1765422192775,True
706051399,2.0006,3.1,1765422193004,True
706051400,2.0007,987.0,1765422193113,False
706051401,2.0007,15.4,1765422193367,False
706051402,2.0006,3257.4,1765422193757,True
706051403,2.0005,3497.9,1765422193758,True
706051404,2.0004,11255.6,1765422193763,True
706051405,2.0003,13667.2,1765422193766,True
706051406,2.0002,7181.1,1765422193782,True
706051407,2.0003,24.9,1765422193801,True
706051408,2.0002,15471.8,1765422193801,True
706051409,2.0001,11651.1,1765422193812,True
706051410,2.0002,15.0,1765422194004,False
706051411,2.0001,255.9,1765422194053,True
706051412,2.0001,49.9,1765422194314,True
706051413,2.0002,499.9,1765422194371,False
706051414,2.0001,30.0,1765422194541,True
706051415,2.0002,32.3,1765422194687,False
706051416,2.0003,97.5,1765422194955,False
706051417,2.0004,66.3,1765422195062,False
706051418,2.0005,49.3,1765422195062,False
706051419,2.0005,8768.2,1765422195069,True
706051420,2.0006,9.0,1765422195166,False
706051421,2.0005,4158.4,1765422195473,True
706051422,2.0004,62.4,1765422195560,True
706051423,2.0003,5.3,1765422195640,True
706051424,2.0003,6.8,1765422195802,True
706051425,2.0004,14.9,1765422195824,False
706051426,2.0005,7.4,1765422196110,False
706051427,2.0006,426.9,1765422196113,False
706051428,2.0007,7886.1,1765422196126,False
706051429,2.0008,148.6,1765422196138,False
706051430,2.0008,3.9,1765422196244,False
706051431,2.0008,15.9,1765422196522,False
706051432,2.0008,2034.8,1765422196647,True
706051433,2.0008,17.9,1765422196893,True
706051434,2.0009,6.5,1765422196893,False
706051435,2.0008,68.9,1765422196916,True
706051436,2.0008,9.9,1765422197061,False
706051437,2.0007,18.5,1765422197172,True
706051438,2.0008,3.6,1765422197891,False
706051439,2.0007,81.2,1765422197893,True
706051440,2.0007,3294.4,1765422198027,True
706051441,2.0006,1681.0,1765422198028,True
706051442,2.0006,70.4,1765422198336,True
706051443,2.0007,387.3,1765422198586,False
706051444,2.0007,344.3,1765422198719,False
706051445,2.0006,2480.3,1765422198757,True
706051446,2.0005,3287.0,1765422198760,True
706051447,2.0004,6770.5,1765422198760,True
706051448,2.0003,3684.8,1765422198765,True
706051449,2.0004,2.6,1765422198768,True
706051450,2.0003,10791.1,1765422198768,True
706051451,2.0003,78.0,1765422198814,False
706051452,2.0002,2275.4,1765422199058,True
706051453,2.0001,250.5,1765422199099,True
706051454,2.0000,519.2,1765422199124,True
706051455,1.9999,18384.3,1765422199124,True
706051456,1.9998,1785.2,1765422199132,True
706051457,1.9997,10470.0,1765422199135,True
706051458,1.9996,4268.6,1765422199163,True
706051459,1.9995,13927.8,1765422199164,True
706051460,1.9996,74.9,1765422199176,True
706051461,1.9995,334.2,1765422199176,True
706051462,1.9994,46275.9,1765422199176,True
706051463,1.9993,5661.1,1765422199203,True
706051464,1.9994,200.0,1765422199237,True
706051465,1.9994,3.0,1765422199254,False
706051466,1.9992,52.6,1765422199455,True
706051467,1.9991,7.7,1765422199602,True
